2716 4748
269 173 343 262 406
389 197 391 202 ’
524 161 749 251 MUNDUS
780 151 1076 244 INVISlsslblsr

270 345 440 434 subtiles,
467 359 508 420 ut
534 347 573 423 in
601 359 704 444 gutta
730 369 830 437 aquae
849 345 988 420 milleni
1007 347 1155 421 existere
1173 359 1314 441 queant,

271 446 307 517 ur
339 459 461 518 tamen
486 447 604 520 oculis
632 469 707 518 non
733 443 941 535 observari,
971 445 1009 518 in
1042 467 1130 537 aqna
1160 469 1255 539 arque
1279 469 1315 520 ac

271 555 487 634 anteapura
500 543 541 615 -u
559 543 757 636 pellucida:
783 543 890 616 facile
911 543 1159 635 concipimus,
1195 543 1315 638 inipso

271 665 420 728 marcore,
451 641 512 714 ubi
543 655 622 714 tota
642 644 765 734 planta
792 641 864 714 stne
889 639 1132 734 microscopio
1160 642 1222 717 vix
1242 664 1316 716 con·

271 737 444 832 spicitur,
486 737 619 814 semina
644 737 722 816 else·
745 760 790 816 ert
818 739 1063 830 proportione
1091 737 1229 813 infinite
1254 737 1318 812 sub·

274 836 423 908 tiliorum
455 836 620 918 Minima
642 836 750 932 igitur
770 836 938 910 animalia
956 836 1049 910 adeo
1071 837 1151 912 sunt
1171 836 1318 924 subtilia,

274 945 317 1006 ut
332 933 571 1026 cogitatione
594 935 658 1008 vix
685 934 832 1026 concipi
862 949 1009 1027 qtreant
1061 935 1195 1010 Mirum
1220 935 1319 1028 ‚igitur

270 1039 353 1106 aion
380 1029 452 1119 est,
484 1031 586 1124 quod
610 1032 709 1121 baec,
741 1051 819 1122 que
850 1031 990 1106 centies
1018 1033 1208 1125 pulvillum
1231 1033 1319 1105 mini·

274 1149 396 1218 mrim,
422 1130 492 1221 ¹qui
510 1129 548 1202 in
568 1128 653 1204 solis
680 1129 789 1204 radiis
812 1131 1020 1219 obuolitat,
1041 1129 1237 1204 subtilitate
1254 1129 1319 1202 vin·

276 1240 387 1314 cunt,
416 1229 573 1304 uolitare
593 1228 631 1300 in
656 1233 738 1300 abre
760 1227 793 1298 u
812 1227 897 1300 ferri
922 1226 1058 1319 ubique
1078 1225 1222 1322 polsrnt,
1238 1249 1277 1301 ac
1293 1225 1319 1300 se

277 1324 411 1414 ubique
438 1323 674 1398 disseminare.
728 1321 818 1398 Cum
838 1325 947 1398 etiam
976 1324 1232 1415 observamus,
1256 1325 1319 1398 iun·

276 1441 344 1516 gos
362 1422 598 1496 &mucorem
621 1437 760 1496 tanturn
787 1424 823 1498 in
853 1422 946 1496 locis
971 1421 1130 1497 humidis
1160 1423 1319 1510 crescere,

277 1540 536 1610 mucoremque
565 1521 756 1604 carnibus,
778 1520 933 1612 panibus
963 1520 996 1592 dr
1023 1520 1172 1596 cibariis
1198 1522 1321 1613 quibus

279 1636 349 1707 que
377 1616 533 1692 humidis
562 1620 624 1690 vel
649 1617 800 1698 humido
831 1616 1003 1709 expositis
1036 1617 1112 1692 aeri
1144 1619 1320 1693 adherere:

280 1715 318 1785 in
344 1716 541 1805 tranquillo
562 1715 755 1788 tantum&
784 1714 934 1789 humido
960 1712 1050 1788 istos
1078 1715 1204 1809 vigere
1251 1729 1320 1788 atet

278 1809 480 1892 Pauxillum
500 1811 601 1908 fungi
624 1814 662 1884 in
690 1810 852 1886 aedificiis
884 1812 1074 1909 (Mucoris
1102 1739 1248 1908 septicii
1276 1813 1322 1886 ad·

280 1930 327 1980 eo
363 1912 531 1990 celeriter
557 1908 750 2001 accrescit,
779 1925 820 1984 ut
845 1911 962 1989 oculis
990 1910 1068 1984 iere
1099 1911 1199 1986 cerni
1224 1913 1323 1984 incre·

279 2022 442 2082 mentum
465 2008 590 2103 possit,
623 2007 658 2083 δι
689 2010 728 2086 in
755 2007 944 2105 pulverem
966 2007 1174 2084 seminalem
1201 2005 1322 2082 infinite

282 2106 469 2199 copiosum
489 2123 590 2180 totus
608 2123 762 2198 quantus
787 2105 994 2196 resolvitur,
1016 2108 1116 2179 unde
1132 2107 1237 2182 facile
1253 2128 1323 2180 cou-

282 2205 464 2294 cluditur,
488 2207 624 2278 nullutn
644 2205 775 2276 vivens
788 2204 971 2296 copiosius
990 2205 1183 2298 propagari
1203 2205 1235 2278 dt
1252 2202 1323 2277 mul·

281 2301 461 2392 tiplicari,
492 2321 596 2392 quam
624 2300 838 2377 subtilissima
862 2303 938 2376 naec
962 2303 1200 2392 animalcula3
1225 2321 1323 2394 neque

281 2399 392 2490 igitur
417 2400 567 2486 mirum,
597 2399 696 2490 quod
722 2400 857 2490 ubique
887 2397 953 2472 scri
985 2415 1094 2492 atque
1126 2399 1238 2473 adesse
1260 2393 1322 2495 pos·

282 2496 361 2570 lint.
413 2495 468 2568 Ex
500 2497 703 2570 incredibili
738 2499 775 2566 vl
801 2497 934 2588 septica
960 2497 1131 2570 Mucoris
1166 2495 1321 2590 &Fungi

283 2591 664 2685 concipimus,b0bum
686 2594 868 2668 seminalia
882 2593 1097 2668 animalcula
1116 2595 1228 2668 obvia
1245 2613 1321 2688 que·
1355 2609 1356 2642 ὲ

282 2691 340 2764 vis
374 2693 519 2766 humide
554 2693 770 2781 corrodere,
808 2693 1114 2784 quemadmodum·
1149 2694 1270 2768 Termes
1294 2692 1321 2762 in

283 2789 416 2874 indiis3
444 2792 541 2862 vires
568 2793 664 2863 eninr
692 2789 802 2864 unitae
822 2791 954 2864 fortius
973 2805 1096 2885 agunt.

274 2947 277 2954 r
382 2887 478 2962 Hinc
496 2886 762 2966 inlinitemulta
781 2888 960 2965 credimus
985 2886 1055 2960 esse
1079 2889 1245 2963 animalia
1269 2905 1320 2959 no

282 2984 339 3056 bis
371 2985 579 3079 incognita,
612 3001 652 3058 ut
686 3007 767 3059 cum
791 2983 965 3078 Syracide
997 2986 1133 3060 merito
1162 2987 1320 3058 dicamus:

277 3099 385 3180 pauco
408 3087 474 3156 uec
498 3086 642 3157 uidemus
668 3101 795 3178 operum
816 3087 1021 3170 divinarunt,
1048 3085 1155 3158 multa
1166 3088 1247 3181 sunt
1264 3083 1320 3152 us-

275 3183 416 3262 romlitn·
436 3183 556 3274 rrmjmu
581 3188 745 3256 minorave
764 3186 826 3256 bit.
877 3178 1018 3254 Nonne
1044 3180 1158 3276 igitur
1182 3178 1320 3272 conjice·

280 3294 321 3360 re
348 3277 383 3358 ἃ
408 3279 589 3370 inquirere
606 3278 799 3363 debemus,
826 3299 869 3350 an
892 3279 1034 3367 morbi,
1062 3279 1125 3372 qui
1144 3271 1320 3353 autumnali

147 3395 152 3404 ·
281 3392 470 3468 tempore,
496 3375 706 3468 tempestate
724 3375 956 3468 utplurimum
978 3375 1146 3465 humida,
1171 3371 1320 3478 tranquil·
1355 3381 1356 3432 i

279 3474 316 3545 la
339 3474 373 3544 δι
397 3473 591 3562 nebulosa,
626 3472 840 3568 grassantur,
875 3474 1055 3570 originem
1082 3471 1239 3549 debeant
1263 3487 1321 3542 ant·
1355 3455 1356 3488 ¹

274 3572 443 3666 emalculis
464 3569 605 3645 infinite
623 3575 767 3662 parvis,
786 3571 841 3645 bis
859 3589 923 3644 aut
940 3571 1140 3666 proximis,
1164 3571 1320 3665 querire

281 3667 458 3757 eiusmodi
477 3670 757 3754 contineantur,
782 3690 815 3741 e.
834 3690 867 3764 g.
886 3668 1006 3742 febres
1034 3672 1318 3746 intermittentes,

279 3769 559 3854 exacerbantes,
585 3765 651 3838 tre.
701 3767 762 3840 Sic
785 3767 1013 3840 Hemitritma
1039 3767 1077 3841 in
1104 3761 1319 3842 inferioribus

279 3861 484 3938 &humidis
507 3863 601 3938 locis
627 3862 680 3938 est
705 3865 953 3960 frequentior3
988 3865 1022 3944 dc
1050 3887 1179 3941 omnes
1207 3856 1319 4030 musis

1355 4075 1356 4112 r
