2716 4748
340 218 896 302 MUNDUS·1NvtsfflILISs
1071 241 1150 334 ¹40,
1206 292 1210 304 .

87 405 249 483 destruit
316 401 497 490 Videmus
532 402 630 478 enim
654 391 848 480 minimum
869 405 1030 480 mucoris
1056 429 1148 504 pun·

86 507 180 582 &um
212 505 250 578 in
285 499 390 575 Citro
416 499 487 576 sese
511 501 774 594 multiplicare,
817 515 1007 600 totumque
1041 505 1148 580 brevi

87 601 229 678 Citrutn
254 598 479 674 commem.
578 599 639 672 uid
666 599 777 696 igitur
800 599 1074 677 existimandum
1101 601 1148 678 de

84 701 205 796 fungis
219 693 469 785 edificiorum,
483 697 536 793 Rp
563 697 752 793 oseprico&
765 695 904 772 Mutare
912 699 1051 796 septim,
1067 703 1148 776 vul·

84 819 134 894 go
152 795 350 881 annuoso,
383 795 444 887 qui
470 794 593 888 tignos
616 793 814 868 duriffimos
842 795 946 870 brevi
979 809 1147 892 tempore

86 897 122 969 in
144 895 331 988 pulverem
352 891 516 988 redigere
537 890 688 964 valenti
739 890 820 966 Erit
840 891 900 966 hic
924 908 1024 967 terte
1049 917 1146 970 carn-

84 1015 152 1088 pus
178 987 221 1064 ad
246 990 413 1086 ingenio,
446 988 567 1062 donec
594 990 718 1064 omnia
741 989 818 1064 bec
847 991 1035 1084 explorata
1067 995 1145 1068 fue·

82 1091 180 1180 rint,
203 1085 461 1181 experimentis
485 1085 688 1160 exercenda
707 1084 973 1178 patentiffimus.
1026 1091 1146 1186 Eryst-

78 1193 163 1285 ple,
192 1207 270 1278 quat
293 1181 425 1276 plantis
444 1181 662 1273 innascitur,
680 1185 769 1270 Ros,
790 1201 829 1256 ut
848 1186 918 1258 dici
938 1186 1050 1279 solet,
1066 1195 1144 1265 mri-

83 1291 173 1372 leor,
201 1303 276 1378 quo
294 1281 383 1355 folia
398 1283 625 1355 maculantur
641 1281 791 1372 Aceris,
813 1283 985 1377 tinnuli,
1009 1283 1144 1360 Galeo.

82 1381 211 1476 pseos,
228 1378 469 1474 Lithospermi
489 1377 648 1454 tinslorii
664 1377 731 1452 dte.
751 1381 905 1454 maxime
919 1381 956 1455 in
978 1381 1064 1458 loco
1078 1385 1143 1460 bu·

81 1477 253 1565 midiori,
284 1474 400 1569 &qui
421 1497 502 1548 cum
520 1496 605 1549 rore
628 1475 844 1552 descendere
866 1475 1032 1572 videtur,
1058 1483 1144 1576 quia

82 1575 244 1670 suprema
269 1585 428 1672 occupat
446 1571 620 1648 foliorum
641 1575 777 1666 latera,
803 1573 905 1649 ditiis
928 1575 1001 1650 stne
1027 1579 1142 1653 dubio

81 1673 234 1748 debetur
253 1669 386 1744 cauffis.
440 1669 641 1769 Quomodo
660 1682 784 1746 autem
805 1673 841 1746 in
860 1677 979 1747 adrem
997 1676 1142 1751 adscen-

81 1771 167 1861 dat,
192 1791 259 1858 an,
279 1769 382 1842 velut
396 1769 509 1842 ceteri
531 1769 719 1855 humores,
743 1783 921 1863 evaporet
941 1787 1072 1847 eterra
1090 1775 1141 1849 ob

79 1864 314 2038 {obtgliratem
342 1865 764 1960 incomprehensibilem,
802 1867 894 1944 alius
914 1867 1013 1944 sorte
1031 1870 1141 1946 doce·

107 1980 138 2039 it
184 1985 249 2041 ies.

177 2155 347 2232 Deducet
364 2177 511 2251 quoque
534 2159 607 2231 hoc
635 2168 884 2254 argumentum
905 2155 1069 2234 medicos
1094 2158 1140 2236 ad

76 2253 230 2330 caussam
260 2253 404 2348 febriunt
439 2253 824 2330 exanthematicarum&
863 2257 1138 2352 rnnagiosarrtm,

78 2373 187 2447 quam
201 2366 307 2426 antea
320 2373 399 2426 cum
416 2353 565 2427 materia
582 2352 737 2427 animata
755 2365 890 2427 tantam
906 2351 1038 2428 habere
1055 2375 1140 2430 ana·

78 2451 214 2550 logiam
244 2447 522 2546 perspexerunt,
558 2463 736 2545 quatenus
760 2449 896 2546 frigore
928 2450 1138 2546 ercalom,

81 2547 311 2622 ambrostacis
333 2545 369 2620 dt
391 2547 547 2637 foetidis,
570 2547 735 2622 dulcibus
760 2547 964 2640 bremens,
989 2551 1075 2646 quio
1103 2551 1139 2628 dt

76 2645 367 2735 mercurialibus,
377 2645 600 2738 repelluntur
616 2659 679 2718 aut
694 2645 914 2722 alliciuntur.
967 2648 1042 2746 Qui
1056 2669 1136 2742 per·

76 2743 230 2836 pendit,
262 2743 405 2816 unicam
436 2741 560 2816 satine
592 2741 790 2838 ustilaginis
823 2741 1032 2836 particulam
1072 2765 1137 2837 per

77 2861 208 2914 omnes
226 2839 383 2934 ejusdem
404 2839 535 2915 radicis
549 2838 700 2914 triticeos
714 2854 776 2914 aut
793 2839 1003 2915 hordeacea
1022 2840 1136 2934 spicas

73 2936 333 3030 multiplicati,
378 2937 578 3036 analogiam
612 2935 704 3012 haud
740 2937 923 3012 minimam
955 2939 1134 3013 inveniet.

73 3033 239 3112 Postulat
271 3037 477 3110 Vatiniorum
500 3035 603 3108 multi
634 3033 714 3108 sunt
740 3035 908 3126 scrutati,
940 3059 984 3112 an
1007 3034 1137 3114 vivum
1272 3045 1284 3068 ⁸

76 3131 275 3228 quodpiam
291 3133 542 3206 animalcuium
560 3131 802 3206 contineant?
817 3131 873 3206 sed
889 3133 1029 3210 frustra.
1058 3135 1136 3240 Qui

74 3231 198 3319 tridit,
216 3229 379 3305 exclusos
398 3230 618 3304 vermiculos
639 3227 834 3326 ustilaginis
861 3231 898 3306 in
926 3253 1015 3325 aqua
1041 3231 1134 3324 tepi-

72 3329 144 3417 da,
183 3327 275 3401 adeo
306 3327 376 3401 eise
403 3326 570 3418 subtiles,
614 3342 655 3401 ut
677 3349 725 3400 ne
754 3327 956 3402 acutisbmis
989 3329 1136 3421 quidem

74 3423 196 3500 oculis
215 3441 432 3515 cernantur,
458 3424 643 3500 litbtiliora
660 3424 742 3498 heic
758 3425 891 3518 requiri
908 3426 1135 3520 experimen·

74 3537 137 3614 ta,
179 3522 216 3600 &r
241 3545 307 3616 pus
339 3521 576 3618 aquatepida
607 3521 818 3598 solvendum
841 3522 875 3595 u
898 3523 1041 3616 optimo
1066 3515 1135 3596 'de-

75 3623 164 3694 inde
190 3617 435 3714 microscopio
464 3617 739 3694 examinandum
764 3617 948 3695 fatebitur.
999 3620 1135 3696 Saltem

75 3721 293 3814 Sypiiliricus
326 3717 502 3812 quispiam
540 3730 602 3790 aut
632 3715 869 3812 gonorrhoeus
902 3717 1135 3798 curiosus.in

75 3814 282 3890 destillante
297 3815 356 3892 sua
373 3816 539 3912 genitura
554 3811 673 3889 virosa
692 3813 950 3907 experimentis
975 3813 1134 3909 expisca-

71 3912 107 3988 ri
126 3913 298 4003 deberet,
327 3933 374 3990 tn
391 3911 558 4008 &qualia
576 3911 766 3988 contineat
787 3908 1012 4012 animalculi.
1057 3911 1134 3984 Da-

131 4011 323 4090 Tomisa.
640 4005 700 4084 Cc
1037 4009 1133 4084 texit
