2640 4744
267 199 527 284 uumerus
551 199 810 284 ulnoltunl.
993 229 1066 304 aop

19 381 167 472 edors
191 375 304 460 nltixia
327 397 449 460 autem
475 381 540 478 dofi
566 381 722 458 suffocat
746 379 953 460 &occidit
1002 383 1068 456 Pe·

21 485 108 556 tiore
139 501 232 556 vero
263 483 455 572 alimenta,
482 483 676 556 secundum
713 481 874 555 indolem
909 480 1068 574 ipsorum

19 579 309 752 mmmmm,
334 577 468 654 leviter
491 579 563 673 jam
589 577 850 706 perstringere,
884 599 906 650 e
933 593 974 652 rt
998 577 1068 653 elle

104 819 139 892 A
183 813 330 892 UOSA.
366 813 565 890 Heclnter
582 829 816 894 numerantur
832 815 1064 896 ViridiaOIe·

19 939 67 1006 ru,
174 921 257 1000 tres,
290 913 450 1002 sindus,
477 915 532 988 uti
558 913 691 1008 Poma,
719 915 859 1006 Pruna,
877 913 1069 1014 Melones,

19 1015 74 1088 lac.
99 1032 104 1044 ·
122 1011 272 1108 Singula
296 1011 372 1085 hec
392 1009 499 1086 libms
521 1007 683 1088 efficiunt
699 1015 879 1105 laxiores,
902 1029 1068 1108 propter·

18 1133 124 1204 eaque
153 1131 288 1205 corpus
317 1107 425 1207 etiarn
449 1107 554 1204 segne
583 1111 761 1200 reddunt,
799 1133 841 1186 ae
872 1107 1069 1190 solidorum

20 1223 192 1282 enervant
215 1209 339 1281 robur.
391 1203 489 1280 ilinc
505 1227 638 1300 corpus
655 1209 816 1286 bibulum
835 1207 979 1296 factum,
1004 1211 1067 1284 im·

18 1327 137 1398 purum
158 1300 268 1378 etiam
295 1311 436 1394 assem,
460 1303 568 1379 nimis
595 1307 760 1380 attrabit:
794 1305 927 1380 Febres
943 1299 1068 1400 ,inter-

17 1403 198 1478 mittentes
230 1399 554 1476 &exacerbantes
585 1403 792 1502 gignuntur.
852 1401 1069 1500 Exemplum

19 1499 114 1594 hujus
142 1499 221 1591 rei,
252 1499 305 1574 uti
331 1497 588 1593 domesticum,
615 1499 665 1574 ita
689 1497 914 1576 certilbnxum
942 1501 977 1578 in
1006 1501 1069 1578 Se·

20 1598 170 1672 netario
190 1597 366 1692 quodam,
392 1596 452 1670 cui
470 1597 743 1686 Elulonumen,
768 1599 960 1690 habemus,
989 1603 1068 1694 qui,

21 1695 108 1790 quod
136 1693 379 1768 Cucumerum
404 1693 513 1770 nimis
537 1693 663 1770 avidus
686 1711 784 1784 erat,
823 1697 931 1771 Febrl
959 1697 1069 1772 inter·

18 1795 183 1868 mittente
202 1789 403 1888 quotannis·
415 1791 610 1884 laboravit,
628 1793 827 1886 usquedum
848 1795 975 1868 eodem
997 1797 1068 1872 boc

19 1893 143 1965 norbo
159 1889 302 1966 tandem
322 1889 442 1984 petiit.
502 1887 562 1962 Sic
581 1890 641 1984 qui
657 1889 829 1964 Melonee
847 1891 953 1966 nimis
970 1915 1069 1968 com·

21 1989 150 2080 ederit,
186 1985 385 2082 insequenti
428 1983 621 2062 auctumno
657 1987 719 2062 fibi
765 2003 968 2080 precaveat
1008 2013 1070 2066 ne·

21 2085 99 2160 teile
123 2083 203 2175 est,
228 2105 276 2159 ne
307 2085 344 2160 in
377 2081 530 2158 Febrem
567 2085 869 2159 intermittentem
908 2085 1069 2178 incidat,

22 2187 148 2280 quippe
163 2181 276 2258 multa
287 2181 536 2276 hujuscemodi
553 2181 717 2276 exempla
736 2181 940 2278 suppetunt.
957 2184 1070 2280 Aquo-

15 2281 50 2376 sr
68 2281 215 2372 becce,
237 2277 363 2354 fluida·
380 2279 489 2354 nimis
521 2277 686 2374 diluunt,
727 2280 985 2374 hominemque
1026 2279 1072 2358 ad

22 2375 239 2452 sterilitatem
261 2376 417 2451 reddunt
434 2377 649 2472 proclivem.
702 2375 795 2472 Exp.
813 2375 988 2452 Lobelius
1007 2379 1070 2469 spo

21 2495 79 2550 nos
102 2474 285 2551 certiores
308 2473 398 2550 fecit
421 2473 631 2552 testimonio
641 2511 667 2570 ,·
686 2473 861 2552 Nobilem
888 2475 1070 2574 Anglum,

23 2575 71 2666 qui
96 2593 182 2649 cum
199 2593 412 2668 unaquaque
428 2592 527 2648 coena
545 2575 711 2648 oleracea
733 2573 963 2665 comederet,
992 2575 1071 2650 nul·

23 2671 68 2744 los
97 2693 149 2746 ex
178 2669 346 2744 florentls
372 2669 486 2745 aetatis
517 2673 673 2768 conjuge
694 2671 830 2746 liberos
852 2671 1070 2766 procreasse,
1175 2694 1178 2702 ’

23 2769 75 2842 suo
97 2783 224 2844 tamen
255 2759 398 2842 monitu
421 2767 590 2865 suasuque
620 2771 665 2842 ab
695 2768 870 2843 oleraceis
892 2765 1074 2843 abstinen-

23 2879 107 2960 tem,
136 2859 254 2942 multa
275 2865 417 2942 demum
439 2884 521 2940 cara
544 2867 676 2942 ainoria
702 2867 855 2962 pignora
884 2849 1072 2962 accepisse.¹
1199 2945 1207 2964 ,

79 2967 114 3039 in
142 2961 413 3057 &quotidiana
443 2961 592 3040 testatur
616 2963 862 3060 experientia,
894 2979 992 3056 eos,¹
1008 2958 1073 3058 qui

74 3083 126 3136 ee
172 3075 239 3136 otu
257 3059 365 3136 nimis
385 3075 557 3150 utuntur,
577 3065 646 3156 qua
662 3059 773 3136 solida
789 3081 831 3132 ac
848 3057 980 3151 fluida,
998 3083 1073 3138 ma·

24 3161 110 3234 nme
158 3159 271 3234 ebilcs
289 3155 389 3248 fieri,
417 3159 466 3232 ita
481 3157 648 3254 quidem,
673 3173 713 3232 ut
734 3157 960 3234 ventriculus
977 3155 1075 3234 suam

25 3257 193 3332 desideret
210 3257 283 3330 cibi
302 3255 587 3352 appetitionem,
606 3277 648 3330 ac
669 3275 803 3352 corpus
818 3255 1003 3350 requiem,
1019 3277 1075 3332 ar·

24 3367 148 3452 tuaque
164 3352 307 3428 tremuli
326 3353 479 3428 omnino
500 3353 667 3430 evadant.

108 3491 257 3572 SICCA
269 3513 374 3583 vero,
390 3513 421 3564 e.
434 3511 467 3587 g.
487 3491 626 3578 Nuces,
645 3485 749 3584 panis
767 3485 893 3576 fictus,
907 3487 1076 3584 inprimit

25 3597 191 3669 scottice
205 3585 753 3684 piniDalekarlorum,ustulate
764 3579 1074 3680 Coffeaepotusdrc.

24 3693 127 3766 nimis
139 3678 353 3765 robo'ando
372 3683 548 3760 &Fibras
566 3683 778 3760 exsiccando
802 3681 1076 3782 constringimur

25 3779 1076 3880 undeobstipationesalvinae,Macetumque.Hinccaus·

25 3883 52 3960 sa
69 3885 202 3972 subest,
225 3904 289 4054 cfr
306 3879 506 3974 Dalelxurli,
526 3901 654 4050 paneg
670 3878 844 3956 scenice
860 3881 938 3975 pini
956 3901 1078 4052 esame·

72 3984 166 4060 Text.
187 3982 241 4056 VI
259 4033 268 4058 .
1014 3998 1078 4060 eu·
