2770 4752
272 179 345 272 446
355 167 658 253 NECESSITAS
673 171 876 254 HisToR.
891 153 1090 252 NATUR.
1104 171 1305 258 ROSSIAE.

270 344 423 447 timum,
455 353 556 430 leuae
579 359 732 450 planta,
766 355 811 429 ab
837 351 987 428 interitu
1011 351 1225 448 uindicate,
1254 357 1323 432 ser·

270 467 405 529 ventur
417 456 455 528 in
473 454 511 526 N
514 456 575 530 ob.
591 454 702 528 Dorn.
720 453 877 528 Praesrdis
891 452 1053 526 omnium
1067 452 1322 530 ditiffimoher·

270 554 391 642 bario,
416 571 502 646 quas
518 551 565 643 dt,
588 551 774 625 reddendo
791 550 943 647 gloriam
956 548 1114 623 debitam
1128 550 1191 624 suo
1205 552 1322 627 Auto-

270 652 324 742 ri,
350 649 605 723 determinavit
618 651 656 724 in
670 649 739 722 suis
752 646 949 742 Speciebus
964 646 1190 738 Plantarum‚
1215 664 1257 723 ut
1268 651 1323 722 ui·

271 749 356 822 dere
375 749 461 820 licet
478 769 523 820 ex
538 747 646 820 Flora
662 745 835 833 Sibiriea,
868 741 1036 817 confeda
1056 744 1247 820 secundum
1264 771 1322 822 eas
1373 791 1374 834 r

270 859 411 919 tanturn
427 844 592 935 Plantas,
620 863 707 936 quas
728 843 836 917 siccas
857 840 968 914 Dom.
988 841 1127 917 Prtessdi
1147 844 1262 938 mut,
1285 847 1323 922 in

270 941 344 1018 fine
367 943 472 1034 hujus
493 941 762 1014 Differtationis
787 941 918 1013 locata.

295 1045 312 1060 ”
367 1039 436 1116 IV.
452 1031 970 1114 KRASCHENINNIKOW
982 1033 1171 1134 (Strpbor)
1186 1039 1322 1116 Gnreli·

270 1159 325 1214 no
342 1137 378 1211 b.
395 1159 443 1213 nr.
461 1152 502 1211 ut
518 1134 704 1231 adjundius
722 1134 891 1209 Scientiae
909 1132 1054 1226 nostra,
1073 1157 1198 1212 comes
1215 1139 1254 1212 in
1271 1139 1323 1214 si·

270 1235 401 1310 biriam
419 1236 523 1310 datus
545 1234 590 1308 ad
611 1233 806 1308 Academia
821 1232 1059 1306 scientiarum
1081 1233 1325 1332 Petropolita·

270 1355 339 1424 na,
368 1333 428 1426 qui
454 1331 578 1426 postea
603 1332 637 1404 dc
661 1331 835 1405 succeffor
860 1328 910 1403 sui
937 1333 1174 1426 preceptore
1195 1333 1324 1410 fedior.

270 1432 343 1505 Vir
362 1445 439 1503 erat
448 1429 643 1504 Botanices
669 1421 911 1524 &Zooiogie
932 1427 1179 1522 perdidimus,
1208 1443 1251 1506 ut
1273 1433 1325 1504 vi.

271 1529 357 1601 dere
374 1528 461 1600 licet
476 1547 522 1602 ex
542 1524 860 1618 Descriptionibuc
877 1525 985 1618 ipsius
1008 1525 1214 1602 Plantarum
1239 1551 1325 1624 qua·

271 1624 419 1698 rundam
440 1623 569 1699 Patriae
591 1644 703 1714 mee,
731 1621 871 1698 insertio
888 1621 1168 1698 Commentariis
1181 1623 1325 1701 Acade·

270 1723 373 1811 mie,
397 1723 489 1796 locis
506 1721 664 1794 diversrs.
716 1718 871 1818 Ingenio
890 1719 924 1793 dt
941 1719 1088 1796 scientia
1104 1737 1258 1798 umatus
1272 1723 1325 1800 in·
1373 1779 1374 1788 i

270 1819 402 1893 defeffa
419 1841 532 1914 opera
549 1817 637 1914 legit
652 1816 821 1892 Sibiricas
839 1838 969 1915 gazas,
1002 1819 1229 1914 multumque
1252 1822 1325 1896 uti·
1373 1873 1374 1882 i

270 1917 406 2010 litatis,
432 1919 559 2014 dignus
579 1915 705 1991 Patria
722 1915 837 2008 civis,
876 1915 913 1990 in
941 1913 1123 2010 posterum
1144 1917 1326 2013 prestitis·

270 2015 344 2109 set,
369 2017 392 2089 fi
411 2017 485 2090 fata
503 2027 573 2090 tam
590 2015 668 2088 cito
691 2035 770 2088 eum
791 2035 866 2089 non
883 2011 1111 2088 abstuliffent
1373 2019 1374 2028 '

367 2115 417 2189 V.
436 2111 646 2186 MARTIN
661 2113 867 2206 (Alexandr.
890 2109 1150 2198 With.)miffus
1164 2113 1211 2188 ab
1228 2111 1325 2190 Aca·

268 2212 386 2286 demia
417 2232 514 2285 anno
543 2232 637 2302 1740
678 2223 847 2304 tanquam
881 2207 1117 2284 Amanuensrs
1146 2210 1324 2287 Gmelini.

269 2307 453 2383 Laudatur
478 2310 521 2381 ab
555 2307 620 2380 illo
651 2308 701 2379 ob
740 2305 960 2403 diligentiam
991 2307 1030 2380 in
1060 2307 1324 2402 conquirendis

117 2497 122 2500 μ
268 2404 424 2498 plantis3
449 2403 560 2499 qui&
580 2406 811 2498 plurimarum
829 2403 1037 2502 colligendo
1062 2405 1196 2480 semina
1221 2409 1325 2502 plan·

268 2515 406 2594 tarum,
433 2501 613 2576 distribuit
639 2523 704 2597 per
730 2501 913 2598 Europam
951 2504 1063 2576 multa
1085 2501 1229 2578 floralia
1255 2525 1321 2580 uo·

266 2600 357 2691 stra,
389 2599 486 2696 quod
504 2603 635 2695 planta
651 2600 833 2692 Sibiricae,
861 2603 907 2684 in¹
922 2599 1038 2673 hortis
1054 2599 1326 2695 Europaeoruru

269 2697 413 2790 obuia,
437 2699 488 2774 sat
500 2696 741 2790 demostrant,
765 2713 807 2771 ut
823 2698 949 2772 videre
965 2695 1017 2772 est
1033 2719 1080 2772 ex
1094 2697 1209 2774 horto
1221 2699 1326 2776 Goet·

267 2796 417 2892 tingenfi
445 2793 661 2870 Nobiliffimi
683 2795 728 2870 de
748 2796 884 2869 Haller.

369 2895 435 2967 Vl.
452 2893 675 2967 STELLER
696 2895 836 2988 (Georg.
867 2887 996 2982 Wrn.)
1021 2913 1117 2968 anno
1144 2903 1241 2988 1738
1280 2897 1326 2970 ab

266 2989 463 3064 Academia
489 2990 762 3086 Petropolitana
787 2992 891 3066 datus
916 2989 1099 3084 adjunctus
1119 2991 1324 3085 Gmelino,

268 3101 376 3182 atque
396 3088 545 3177 abillo,
570 3109 652 3162 cum
670 3087 743 3184 ipie
760 3090 819 3162 vir
835 3111 871 3184 p.
893 3111 940 3166 m.
963 3089 1088 3170 ,omnia
1113 3087 1211 3162 solua
1238 3111 1325 3182 per·

267 3207 390 3282 agrare
414 3207 489 3262 non
518 3185 655 3281 podet,
689 3186 807 3260 miuus
838 3187 876 3260 in
911 3185 1071 3260 ultimam
1093 3185 1326 3263 Kamtschat·

265 3287 368 3373 kam,
409 3297 450 3358 ut
477 3284 729 3378 conquirendo
756 3284 807 3356 ibi
838 3285 999 3380 plantas,
1023 3299 1209 3378 quotquot
1238 3283 1326 3379 poss
1373 3363 1374 3370 Ν

265 3385 338 3472 set,
364 3381 481 3456 Flora
505 3384 678 3477 pomoeria
699 3395 846 3478 augeret
865 3403 912 3456 ex
927 3397 1043 3470 terra,
1066 3401 1171 3476 quam
1196 3385 1328 3456 nullut

206 3505 222 3522 v·
265 3496 372 3556 antea
390 3481 557 3554 calcavit.
608 3479 817 3554 Penetravit
833 3479 1083 3575 superavitque
1101 3479 1162 3553 ille
1181 3477 1327 3556 fretum

266 3575 381 3668 istud,
423 3579 520 3672 quod
554 3576 672 3653 Afiarn
701 3576 886 3675 distinguit
919 3577 964 3651 ab
995 3575 1178 3650 Amerina.
1245 3577 1326 3652 Hic

264 3687 371 3750 natus
389 3676 431 3750 ad
461 3675 685 3764 Botanicen,
725 3675 972 3762 &omnium
1009 3686 1101 3768 quot
1129 3673 1220 3750 mihi
1252 3696 1325 3750 no·

265 3773 316 3862 ti,
353 3774 614 3849 Botanicorum
648 3772 802 3847 maxime
830 3769 1019 3848 indefeffus
1054 3767 1193 3863 socius,
1236 3775 1327 3868 pui-

266 3872 460 3948 cherrimas
478 3872 617 3948 detexit
637 3873 780 3968 plantas
804 3870 844 3949 in
870 3869 1007 3947 summo
1030 3868 1326 4042 Septentrigne,

1246 3989 1327 4042 me·
