<?xml version="1.0" encoding="UTF-8"?>
<!DOCTYPE html PUBLIC "-//W3C//DTD XHTML 1.0 Transitional//EN"
    "http://www.w3.org/TR/xhtml1/DTD/xhtml1-transitional.dtd">
<html xmlns="http://www.w3.org/1999/xhtml" xml:lang="en" lang="en">
 <head>
  <title>
</title>
<meta http-equiv="Content-Type" content="text/html;charset=utf-8" />
  <meta name='ocr-system' content='tesseract 3.04.00' />
  <meta name='ocr-capabilities' content='ocr_page ocr_carea ocr_par ocr_line ocrx_word'/>
</head>
<body>
  <div class='ocr_page' id='page_1' title='image "./carolialinnequi03schrgoog_0031.png"; bbox 0 0 2724 4746; ppageno 0'>
   <div class='ocr_carea' id='block_1_1' title="bbox 220 69 1009 170">
    <p class='ocr_par' dir='ltr' id='par_1_1' title="bbox 220 61 1009 170">
     <span class='ocr_line' id='line_1_1' title="bbox 220 69 1009 170; baseline -0.003 -20"><span class='ocrx_word' id='word_1_1' title='bbox 220 94 269 164; x_wconf 63' lang='grc' dir='ltr'><strong>αι,</strong></span> <span class='ocrx_word' id='word_1_2' title='bbox 482 72 690 154; x_wconf 74' lang='lat' dir='ltr'><strong>uocaus</strong></span> <span class='ocrx_word' id='word_1_3' title='bbox 724 69 1009 170; x_wconf 69' lang='lat' dir='ltr'><strong>cuduinus.</strong></span> 
     </span>
    </p>
   </div>
   <div class='ocr_carea' id='block_1_2' title="bbox 143 247 1291 3058">
    <p class='ocr_par' dir='ltr' id='par_1_2' title="bbox 220 247 1291 441">
     <span class='ocr_line' id='line_1_2' title="bbox 220 247 1291 348; baseline -0.006 -18"><span class='ocrx_word' id='word_1_4' title='bbox 220 273 251 330; x_wconf 79' lang='lat' dir='ltr'><strong>n·</strong></span> <span class='ocrx_word' id='word_1_5' title='bbox 276 249 316 325; x_wconf 90' lang='grc' dir='ltr'><strong>Β.</strong></span> <span class='ocrx_word' id='word_1_6' title='bbox 338 253 473 345; x_wconf 69' lang='lat' dir='ltr'><strong>brtrptis</strong></span> <span class='ocrx_word' id='word_1_7' title='bbox 487 247 793 348; x_wconf 51' lang='lat' dir='ltr'><strong>(damnatique</strong></span> <span class='ocrx_word' id='word_1_8' title='bbox 810 251 1033 345; x_wconf 86' lang='lat' dir='ltr'><strong>sequioribus</strong></span> <span class='ocrx_word' id='word_1_9' title='bbox 1047 249 1291 340; x_wconf 77' lang='lat' dir='ltr'><strong>temporibus</strong></span> 
     </span>
     <span class='ocr_line' id='line_1_3' title="bbox 268 347 1290 441; baseline 0 -19"><span class='ocrx_word' id='word_1_10' title='bbox 268 349 308 422; x_wconf 91' lang='lat' dir='ltr'><strong>in</strong></span> <span class='ocrx_word' id='word_1_11' title='bbox 332 349 622 425; x_wconf 86' lang='lat' dir='ltr'><strong>Honoratiorum</strong></span> <span class='ocrx_word' id='word_1_12' title='bbox 657 353 796 424; x_wconf 83' lang='lat' dir='ltr'><strong>deliciis</strong></span> <span class='ocrx_word' id='word_1_13' title='bbox 835 347 902 422; x_wconf 81' lang='lat' dir='ltr'><strong>effe</strong></span> <span class='ocrx_word' id='word_1_14' title='bbox 930 349 1049 441; x_wconf 88' lang='lat' dir='ltr'><strong>coepit.</strong></span> <span class='ocrx_word' id='word_1_15' title='bbox 1119 347 1290 422; x_wconf 82' lang='lat' dir='ltr'>Terram</span> 
     </span>
    </p>

    <p class='ocr_par' dir='ltr' id='par_1_3' title="bbox 203 444 1288 811">
     <span class='ocr_line' id='line_1_4' title="bbox 203 444 1288 627; baseline 0.001 -11"><span class='ocrx_word' id='word_1_16' title='bbox 203 519 212 527; x_wconf 90' lang='lat'>·</span> <span class='ocrx_word' id='word_1_17' title='bbox 268 444 1288 627; x_wconf 51' lang='lat' dir='ltr'><strong>{iqii&#39;thiiihdiii‘ehteiasiimdiiiiietddssss</strong></span> 
     </span>
     <span class='ocr_line' id='line_1_5' title="bbox 271 566 1286 810; baseline 0.002 -96"><span class='ocrx_word' id='word_1_18' title='bbox 271 641 495 810; x_wconf 53' lang='lat' dir='ltr'><strong>P&#39;idfflvania</strong></span> <span class='ocrx_word' id='word_1_19' title='bbox 531 601 762 733; x_wconf 65' lang='lat' dir='ltr'><strong>adferuirtur,</strong></span> <span class='ocrx_word' id='word_1_20' title='bbox 800 567 975 715; x_wconf 77' lang='lat' dir='ltr'><strong>omnidmq</strong></span> <span class='ocrx_word' id='word_1_21' title='bbox 995 637 1074 714; x_wconf 91' lang='lat' dir='ltr'><strong>sunt</strong></span> <span class='ocrx_word' id='word_1_22' title='bbox 1108 566 1286 733; x_wconf 67' lang='lat' dir='ltr'><strong>pdaestan·</strong></span> 
     </span>
     <span class='ocr_line' id='line_1_6' title="bbox 273 751 408 811; baseline 0.022 -3"><span class='ocrx_word' id='word_1_23' title='bbox 273 751 299 810; x_wconf 86' lang='lat' dir='ltr'><strong>tr</strong></span> <span class='ocrx_word' id='word_1_24' title='bbox 328 761 408 811; x_wconf 82' lang='lat' dir='ltr'><strong>rma.</strong></span> 
     </span>
    </p>

    <p class='ocr_par' dir='ltr' id='par_1_4' title="bbox 222 829 1286 1299">
     <span class='ocr_line' id='line_1_7' title="bbox 222 829 1286 933; baseline 0.001 -30"><span class='ocrx_word' id='word_1_25' title='bbox 222 835 260 908; x_wconf 69' lang='grc' dir='ltr'><strong>θ.</strong></span> <span class='ocrx_word' id='word_1_26' title='bbox 289 835 329 908; x_wconf 90' lang='grc' dir='ltr'><strong>Β.</strong></span> <span class='ocrx_word' id='word_1_27' title='bbox 351 841 541 930; x_wconf 75' lang='lat' dir='ltr'><strong>gongpiodes</strong></span> <span class='ocrx_word' id='word_1_28' title='bbox 565 829 783 933; x_wconf 73' lang='lat' dir='ltr'><strong>(ich-rna),</strong></span> <span class='ocrx_word' id='word_1_29' title='bbox 823 831 1120 926; x_wconf 84' lang='lat' dir='ltr'><strong>quemadmodum</strong></span> <span class='ocrx_word' id='word_1_30' title='bbox 1150 832 1286 926; x_wconf 85' lang='lat' dir='ltr'><strong>vulga·</strong></span> 
     </span>
     <span class='ocr_line' id='line_1_8' title="bbox 271 927 1283 1025; baseline -0.001 -22"><span class='ocrx_word' id='word_1_31' title='bbox 271 954 329 1004; x_wconf 87' lang='lat' dir='ltr'><strong>res</strong></span> <span class='ocrx_word' id='word_1_32' title='bbox 356 933 532 1025; x_wconf 80' lang='lat' dir='ltr'><strong>Brassieae,</strong></span> <span class='ocrx_word' id='word_1_33' title='bbox 572 935 671 1007; x_wconf 86' lang='lat' dir='ltr'><strong>cuttu</strong></span> <span class='ocrx_word' id='word_1_34' title='bbox 694 933 788 1006; x_wconf 92' lang='lat' dir='ltr'><strong>haud</strong></span> <span class='ocrx_word' id='word_1_35' title='bbox 813 931 977 1005; x_wconf 86' lang='lat' dir='ltr'><strong>difficilis.</strong></span> <span class='ocrx_word' id='word_1_36' title='bbox 1041 927 1162 1002; x_wconf 84' lang='lat' dir='ltr'><strong>Cauiis</strong></span> <span class='ocrx_word' id='word_1_37' title='bbox 1195 932 1283 1022; x_wconf 86' lang='lat' dir='ltr'><strong>ejus</strong></span> 
     </span>
     <span class='ocr_line' id='line_1_9' title="bbox 272 1025 1283 1125; baseline -0.004 -25"><span class='ocrx_word' id='word_1_38' title='bbox 272 1029 442 1125; x_wconf 84' lang='lat' dir='ltr'><strong>gibbosus</strong></span> <span class='ocrx_word' id='word_1_39' title='bbox 477 1032 515 1106; x_wconf 91' lang='lat' dir='ltr'><strong>in</strong></span> <span class='ocrx_word' id='word_1_40' title='bbox 549 1031 692 1124; x_wconf 86' lang='lat' dir='ltr'><strong>jusculis</strong></span> <span class='ocrx_word' id='word_1_41' title='bbox 729 1029 860 1125; x_wconf 84' lang='lat' dir='ltr'><strong>egregii</strong></span> <span class='ocrx_word' id='word_1_42' title='bbox 896 1027 948 1100; x_wconf 86' lang='lat' dir='ltr'><strong>est</strong></span> <span class='ocrx_word' id='word_1_43' title='bbox 979 1025 1081 1117; x_wconf 85' lang='lat' dir='ltr'><strong>usus,</strong></span> <span class='ocrx_word' id='word_1_44' title='bbox 1119 1049 1283 1120; x_wconf 87' lang='lat' dir='ltr'><strong>quapro-</strong></span> 
     </span>
     <span class='ocr_line' id='line_1_10' title="bbox 272 1123 1283 1298; baseline -0.004 -98"><span class='ocrx_word' id='word_1_45' title='bbox 272 1140 354 1298; x_wconf 72' lang='lat' dir='ltr'><strong>ptsser</strong></span> <span class='ocrx_word' id='word_1_46' title='bbox 374 1127 502 1204; x_wconf 88' lang='lat' dir='ltr'><strong>mirum</strong></span> <span class='ocrx_word' id='word_1_47' title='bbox 526 1128 597 1220; x_wconf 86' lang='lat' dir='ltr'><strong>est,</strong></span> <span class='ocrx_word' id='word_1_48' title='bbox 639 1126 737 1221; x_wconf 90' lang='lat' dir='ltr'><strong>quod</strong></span> <span class='ocrx_word' id='word_1_49' title='bbox 770 1128 808 1202; x_wconf 88' lang='lat' dir='ltr'><strong>in</strong></span> <span class='ocrx_word' id='word_1_50' title='bbox 830 1125 949 1200; x_wconf 89' lang='lat' dir='ltr'><strong>Patria</strong></span> <span class='ocrx_word' id='word_1_51' title='bbox 979 1123 1121 1198; x_wconf 74' lang='lat' dir='ltr'><strong>nonsit</strong></span> <span class='ocrx_word' id='word_1_52' title='bbox 1150 1125 1283 1218; x_wconf 86' lang='lat' dir='ltr'><strong>vulga-</strong></span> 
     </span>
     <span class='ocr_line' id='line_1_11' title="bbox 273 1236 432 1299; baseline 0.019 -4"><span class='ocrx_word' id='word_1_53' title='bbox 273 1236 301 1296; x_wconf 81' lang='lat' dir='ltr'><strong>tr</strong></span> <span class='ocrx_word' id='word_1_54' title='bbox 329 1246 432 1299; x_wconf 79' lang='lat' dir='ltr'><strong>rmus.</strong></span> 
     </span>
    </p>

    <p class='ocr_par' dir='ltr' id='par_1_5' title="bbox 224 1315 1284 1511">
     <span class='ocr_line' id='line_1_12' title="bbox 224 1315 1284 1418; baseline 0.003 -30"><span class='ocrx_word' id='word_1_55' title='bbox 224 1342 250 1395; x_wconf 78' lang='lat' dir='ltr'><strong>a.</strong></span> <span class='ocrx_word' id='word_1_56' title='bbox 276 1317 316 1396; x_wconf 92' lang='grc' dir='ltr'><strong>Β.</strong></span> <span class='ocrx_word' id='word_1_57' title='bbox 345 1322 570 1418; x_wconf 82' lang='lat' dir='ltr'><strong>Napobrafflca</strong></span> <span class='ocrx_word' id='word_1_58' title='bbox 592 1315 790 1416; x_wconf 71' lang='lat' dir='ltr'><strong>&lt;Ru-tit),</strong></span> <span class='ocrx_word' id='word_1_59' title='bbox 829 1319 931 1412; x_wconf 83' lang='lat' dir='ltr'><strong>cujus</strong></span> <span class='ocrx_word' id='word_1_60' title='bbox 957 1317 1058 1392; x_wconf 75' lang='lat' dir='ltr'><strong>radix</strong></span> <span class='ocrx_word' id='word_1_61' title='bbox 1084 1315 1191 1392; x_wconf 76' lang='lat' dir='ltr'><strong>ctaffa</strong></span> <span class='ocrx_word' id='word_1_62' title='bbox 1225 1315 1284 1391; x_wconf 86' lang='lat' dir='ltr'><strong>est</strong></span> 
     </span>
     <span class='ocr_line' id='line_1_13' title="bbox 273 1416 983 1511; baseline -0.008 -19"><span class='ocrx_word' id='word_1_63' title='bbox 273 1416 383 1492; x_wconf 86' lang='lat' dir='ltr'><strong>instar</strong></span> <span class='ocrx_word' id='word_1_64' title='bbox 407 1417 537 1510; x_wconf 78' lang='lat' dir='ltr'><strong>Rapa,</strong></span> <span class='ocrx_word' id='word_1_65' title='bbox 565 1418 759 1511; x_wconf 77' lang='lat' dir='ltr'><strong>sepiusque</strong></span> <span class='ocrx_word' id='word_1_66' title='bbox 780 1417 839 1489; x_wconf 91' lang='lat' dir='ltr'><strong>hic</strong></span> <span class='ocrx_word' id='word_1_67' title='bbox 861 1416 983 1487; x_wconf 87' lang='lat' dir='ltr'><strong>obvia.</strong></span> 
     </span>
    </p>

    <p class='ocr_par' dir='ltr' id='par_1_6' title="bbox 143 1507 1282 2095">
     <span class='ocr_line' id='line_1_14' title="bbox 323 1507 1282 1612; baseline -0.001 -27"><span class='ocrx_word' id='word_1_68' title='bbox 323 1513 481 1587; x_wconf 83' lang='lat' dir='ltr'><strong>BRASS.</strong></span> <span class='ocrx_word' id='word_1_69' title='bbox 510 1519 630 1610; x_wconf 82' lang='lat' dir='ltr'><strong>Napus</strong></span> <span class='ocrx_word' id='word_1_70' title='bbox 654 1514 846 1610; x_wconf 83' lang='lat' dir='ltr'><strong>(Gattiands</strong></span> <span class='ocrx_word' id='word_1_71' title='bbox 870 1507 1032 1604; x_wconf 83' lang='lat' dir='ltr'><strong>Rofua),</strong></span> <span class='ocrx_word' id='word_1_72' title='bbox 1065 1513 1193 1612; x_wconf 84' lang='lat' dir='ltr'><strong>faciem</strong></span> <span class='ocrx_word' id='word_1_73' title='bbox 1217 1533 1282 1607; x_wconf 90' lang='lat' dir='ltr'><strong>ge·</strong></span> 
     </span>
     <span class='ocr_line' id='line_1_15' title="bbox 224 1609 1280 1703; baseline -0.004 -17"><span class='ocrx_word' id='word_1_74' title='bbox 224 1632 309 1686; x_wconf 84' lang='lat' dir='ltr'><strong>rens</strong></span> <span class='ocrx_word' id='word_1_75' title='bbox 332 1611 520 1703; x_wconf 82' lang='lat' dir='ltr'><strong>Raphaui3</strong></span> <span class='ocrx_word' id='word_1_76' title='bbox 555 1612 737 1686; x_wconf 86' lang='lat' dir='ltr'><strong>Radicuiae</strong></span> <span class='ocrx_word' id='word_1_77' title='bbox 764 1613 840 1703; x_wconf 86' lang='lat' dir='ltr'><strong>ejus</strong></span> <span class='ocrx_word' id='word_1_78' title='bbox 866 1609 967 1702; x_wconf 85' lang='lat' dir='ltr'><strong>supra</strong></span> <span class='ocrx_word' id='word_1_79' title='bbox 991 1624 1120 1683; x_wconf 87' lang='lat' dir='ltr'><strong>terram</strong></span> <span class='ocrx_word' id='word_1_80' title='bbox 1143 1609 1280 1702; x_wconf 83' lang='lat' dir='ltr'><strong>saepiffi·</strong></span> 
     </span>
     <span class='ocr_line' id='line_1_16' title="bbox 225 1706 1280 1800; baseline -0.004 -18"><span class='ocrx_word' id='word_1_81' title='bbox 225 1729 286 1782; x_wconf 89' lang='lat' dir='ltr'><strong>me</strong></span> <span class='ocrx_word' id='word_1_82' title='bbox 306 1706 481 1782; x_wconf 83' lang='lat' dir='ltr'><strong>crescunt.</strong></span> <span class='ocrx_word' id='word_1_83' title='bbox 534 1711 621 1784; x_wconf 86' lang='lat' dir='ltr'><strong>Haec</strong></span> <span class='ocrx_word' id='word_1_84' title='bbox 649 1712 685 1784; x_wconf 88' lang='lat' dir='ltr'><strong>in</strong></span> <span class='ocrx_word' id='word_1_85' title='bbox 708 1709 863 1784; x_wconf 74' lang='lat' dir='ltr'><strong>arenosis</strong></span> <span class='ocrx_word' id='word_1_86' title='bbox 884 1707 977 1780; x_wconf 87' lang='lat' dir='ltr'><strong>locis</strong></span> <span class='ocrx_word' id='word_1_87' title='bbox 994 1729 1159 1800; x_wconf 88' lang='lat' dir='ltr'><strong>magnum</strong></span> <span class='ocrx_word' id='word_1_88' title='bbox 1182 1707 1280 1780; x_wconf 89' lang='lat' dir='ltr'><strong>haud</strong></span> 
     </span>
     <span class='ocr_line' id='line_1_17' title="bbox 143 1805 1279 1900; baseline 0.003 -27"><span class='ocrx_word' id='word_1_89' title='bbox 143 1865 146 1873; x_wconf 78' lang='grc'><strong><em>,</em></strong></span> <span class='ocrx_word' id='word_1_90' title='bbox 226 1825 309 1878; x_wconf 84' lang='lat' dir='ltr'><strong>raro</strong></span> <span class='ocrx_word' id='word_1_91' title='bbox 327 1807 480 1898; x_wconf 85' lang='lat' dir='ltr'><strong>acquirit</strong></span> <span class='ocrx_word' id='word_1_92' title='bbox 496 1806 661 1900; x_wconf 84' lang='lat' dir='ltr'><strong>pondus,</strong></span> <span class='ocrx_word' id='word_1_93' title='bbox 686 1805 933 1890; x_wconf 68' lang='lat' dir='ltr'><strong>erexerim,</strong></span> <span class='ocrx_word' id='word_1_94' title='bbox 961 1827 1064 1894; x_wconf 85' lang='lat' dir='ltr'><strong>quam</strong></span> <span class='ocrx_word' id='word_1_95' title='bbox 1087 1828 1175 1891; x_wconf 86' lang='lat' dir='ltr'><strong>nos,</strong></span> <span class='ocrx_word' id='word_1_96' title='bbox 1205 1806 1279 1878; x_wconf 87' lang='lat' dir='ltr'><strong>fre-</strong></span> 
     </span>
     <span class='ocr_line' id='line_1_18' title="bbox 228 1901 1278 1996; baseline 0.002 -23"><span class='ocrx_word' id='word_1_97' title='bbox 228 1902 396 1993; x_wconf 86' lang='lat' dir='ltr'><strong>quentius</strong></span> <span class='ocrx_word' id='word_1_98' title='bbox 425 1919 597 1996; x_wconf 84' lang='lat' dir='ltr'><strong>utuntur,</strong></span> <span class='ocrx_word' id='word_1_99' title='bbox 627 1905 715 1977; x_wconf 90' lang='lat' dir='ltr'><strong>licet</strong></span> <span class='ocrx_word' id='word_1_100' title='bbox 739 1924 825 1976; x_wconf 85' lang='lat' dir='ltr'><strong>vera</strong></span> <span class='ocrx_word' id='word_1_101' title='bbox 852 1902 930 1994; x_wconf 87' lang='lat' dir='ltr'><strong>ejus</strong></span> <span class='ocrx_word' id='word_1_102' title='bbox 955 1901 1072 1975; x_wconf 88' lang='lat' dir='ltr'><strong>Patria</strong></span> <span class='ocrx_word' id='word_1_103' title='bbox 1096 1902 1136 1974; x_wconf 82' lang='lat' dir='ltr'><strong>fit</strong></span> <span class='ocrx_word' id='word_1_104' title='bbox 1159 1903 1278 1976; x_wconf 84' lang='lat' dir='ltr'><strong>Goth·</strong></span> 
     </span>
     <span class='ocr_line' id='line_1_19' title="bbox 226 1998 1227 2095; baseline 0.002 -23"><span class='ocrx_word' id='word_1_105' title='bbox 226 1998 348 2073; x_wconf 89' lang='lat' dir='ltr'><strong>landia</strong></span> <span class='ocrx_word' id='word_1_106' title='bbox 365 1998 585 2091; x_wconf 84' lang='lat' dir='ltr'><strong>orientalis,</strong></span> <span class='ocrx_word' id='word_1_107' title='bbox 611 2001 811 2095; x_wconf 74' lang='lat' dir='ltr'><strong>nostraeque</strong></span> <span class='ocrx_word' id='word_1_108' title='bbox 827 1999 937 2094; x_wconf 84' lang='lat' dir='ltr'><strong>Rapae</strong></span> <span class='ocrx_word' id='word_1_109' title='bbox 952 2000 1061 2093; x_wconf 88' lang='lat' dir='ltr'><strong>longe</strong></span> <span class='ocrx_word' id='word_1_110' title='bbox 1077 1999 1227 2092; x_wconf 77' lang='lat' dir='ltr'><strong>prestet.</strong></span> 
     </span>
    </p>

    <p class='ocr_par' dir='ltr' id='par_1_7' title="bbox 226 2095 1276 2556">
     <span class='ocr_line' id='line_1_20' title="bbox 321 2095 1276 2194; baseline 0.003 -26"><span class='ocrx_word' id='word_1_111' title='bbox 321 2095 482 2170; x_wconf 86' lang='lat' dir='ltr'><strong>BRASS.</strong></span> <span class='ocrx_word' id='word_1_112' title='bbox 511 2101 605 2194; x_wconf 79' lang='lat' dir='ltr'><strong>Rapa</strong></span> <span class='ocrx_word' id='word_1_113' title='bbox 622 2098 805 2190; x_wconf 68' lang='lat' dir='ltr'><strong>(Ratun),</strong></span> <span class='ocrx_word' id='word_1_114' title='bbox 836 2119 912 2189; x_wconf 81' lang='lat' dir='ltr'><strong>quae</strong></span> <span class='ocrx_word' id='word_1_115' title='bbox 936 2095 1054 2190; x_wconf 89' lang='lat' dir='ltr'><strong>primo</strong></span> <span class='ocrx_word' id='word_1_116' title='bbox 1075 2097 1112 2172; x_wconf 90' lang='lat' dir='ltr'><strong>in</strong></span> <span class='ocrx_word' id='word_1_117' title='bbox 1136 2097 1276 2188; x_wconf 83' lang='lat' dir='ltr'><strong>hortis,</strong></span> 
     </span>
     <span class='ocr_line' id='line_1_21' title="bbox 226 2191 1274 2286; baseline 0.002 -20"><span class='ocrx_word' id='word_1_118' title='bbox 226 2191 312 2266; x_wconf 88' lang='lat' dir='ltr'><strong>dein</strong></span> <span class='ocrx_word' id='word_1_119' title='bbox 329 2193 364 2265; x_wconf 88' lang='lat' dir='ltr'><strong>in</strong></span> <span class='ocrx_word' id='word_1_120' title='bbox 389 2196 502 2286; x_wconf 87' lang='lat' dir='ltr'><strong>agris,</strong></span> <span class='ocrx_word' id='word_1_121' title='bbox 528 2209 603 2270; x_wconf 90' lang='lat' dir='ltr'><strong>tum</strong></span> <span class='ocrx_word' id='word_1_122' title='bbox 627 2217 716 2266; x_wconf 89' lang='lat' dir='ltr'><strong>vero</strong></span> <span class='ocrx_word' id='word_1_123' title='bbox 738 2197 918 2286; x_wconf 73' lang='lat' dir='ltr'><strong>precipue</strong></span> <span class='ocrx_word' id='word_1_124' title='bbox 940 2199 974 2265; x_wconf 82' lang='lat' dir='ltr'><strong>in</strong></span> <span class='ocrx_word' id='word_1_125' title='bbox 999 2193 1132 2268; x_wconf 86' lang='lat' dir='ltr'><strong>deustis</strong></span> <span class='ocrx_word' id='word_1_126' title='bbox 1155 2194 1274 2284; x_wconf 87' lang='lat' dir='ltr'><strong>filvis,</strong></span> 
     </span>
     <span class='ocr_line' id='line_1_22' title="bbox 226 2288 1274 2461; baseline 0.002 -99"><span class='ocrx_word' id='word_1_127' title='bbox 226 2288 293 2362; x_wconf 87' lang='lat' dir='ltr'><strong>seri</strong></span> <span class='ocrx_word' id='word_1_128' title='bbox 321 2290 440 2382; x_wconf 84' lang='lat' dir='ltr'><strong>coepit.</strong></span> <span class='ocrx_word' id='word_1_129' title='bbox 493 2293 727 2461; x_wconf 46' lang='lat' dir='ltr'><strong>guae-autem</strong></span> <span class='ocrx_word' id='word_1_130' title='bbox 757 2291 793 2364; x_wconf 88' lang='lat' dir='ltr'><strong>in</strong></span> <span class='ocrx_word' id='word_1_131' title='bbox 817 2290 993 2382; x_wconf 85' lang='lat' dir='ltr'><strong>ejusmodi</strong></span> <span class='ocrx_word' id='word_1_132' title='bbox 1023 2293 1114 2364; x_wconf 82' lang='lat' dir='ltr'><strong>locis</strong></span> <span class='ocrx_word' id='word_1_133' title='bbox 1143 2293 1274 2364; x_wconf 85' lang='lat' dir='ltr'><strong>deustis</strong></span> 
     </span>
     <span class='ocr_line' id='line_1_23' title="bbox 227 2385 1273 2496; baseline 0.006 -38"><span class='ocrx_word' id='word_1_134' title='bbox 227 2386 367 2496; x_wconf 72' lang='lat' dir='ltr'><strong>crevit,</strong></span> <span class='ocrx_word' id='word_1_135' title='bbox 410 2385 514 2460; x_wconf 83' lang='lat' dir='ltr'><strong>dulce</strong></span> <span class='ocrx_word' id='word_1_136' title='bbox 540 2389 599 2462; x_wconf 89' lang='lat' dir='ltr'><strong>ine</strong></span> <span class='ocrx_word' id='word_1_137' title='bbox 629 2387 765 2480; x_wconf 89' lang='lat' dir='ltr'><strong>pariter</strong></span> <span class='ocrx_word' id='word_1_138' title='bbox 794 2386 1101 2482; x_wconf 89' lang='lat' dir='ltr'><strong>&amp;magnitudine</strong></span> <span class='ocrx_word' id='word_1_139' title='bbox 1133 2406 1273 2464; x_wconf 87' lang='lat' dir='ltr'><strong>ceteras</strong></span> 
     </span>
     <span class='ocr_line' id='line_1_24' title="bbox 229 2495 358 2556; baseline 0.016 -3"><span class='ocrx_word' id='word_1_140' title='bbox 229 2495 358 2556; x_wconf 78' lang='lat' dir='ltr'><strong>vincit.</strong></span> 
     </span>
    </p>

    <p class='ocr_par' dir='ltr' id='par_1_8' title="bbox 227 2571 1275 3058">
     <span class='ocr_line' id='line_1_25' title="bbox 324 2571 1275 2680; baseline 0.009 -31"><span class='ocrx_word' id='word_1_141' title='bbox 324 2576 531 2653; x_wconf 86' lang='lat' dir='ltr'><strong>DAUCUS</strong></span> <span class='ocrx_word' id='word_1_142' title='bbox 560 2583 676 2655; x_wconf 80' lang='lat' dir='ltr'><strong>Curata</strong></span> <span class='ocrx_word' id='word_1_143' title='bbox 700 2571 880 2680; x_wconf 76' lang='lat' dir='ltr'><strong>(Moror),</strong></span> <span class='ocrx_word' id='word_1_144' title='bbox 909 2582 967 2655; x_wconf 90' lang='lat' dir='ltr'><strong>cui</strong></span> <span class='ocrx_word' id='word_1_145' title='bbox 990 2583 1120 2675; x_wconf 85' lang='lat' dir='ltr'><strong>triplex</strong></span> <span class='ocrx_word' id='word_1_146' title='bbox 1144 2583 1194 2658; x_wconf 90' lang='lat' dir='ltr'><strong>est</strong></span> <span class='ocrx_word' id='word_1_147' title='bbox 1212 2607 1275 2658; x_wconf 88' lang='lat' dir='ltr'><strong>va·</strong></span> 
     </span>
     <span class='ocr_line' id='line_1_26' title="bbox 227 2673 1275 2772; baseline 0.005 -23"><span class='ocrx_word' id='word_1_148' title='bbox 227 2673 358 2750; x_wconf 85' lang='lat' dir='ltr'><strong>rietas:</strong></span> <span class='ocrx_word' id='word_1_149' title='bbox 389 2677 525 2752; x_wconf 90' lang='lat' dir='ltr'><strong>Radice</strong></span> <span class='ocrx_word' id='word_1_150' title='bbox 550 2683 622 2751; x_wconf 82' lang='lat' dir='ltr'><strong>alba</strong></span> <span class='ocrx_word' id='word_1_151' title='bbox 645 2679 683 2754; x_wconf 91' lang='lat' dir='ltr'><strong>in</strong></span> <span class='ocrx_word' id='word_1_152' title='bbox 705 2679 815 2771; x_wconf 85' lang='lat' dir='ltr'><strong>pratis</strong></span> <span class='ocrx_word' id='word_1_153' title='bbox 843 2677 969 2772; x_wconf 84' lang='lat' dir='ltr'><strong>sponte</strong></span> <span class='ocrx_word' id='word_1_154' title='bbox 992 2679 1173 2754; x_wconf 85' lang='lat' dir='ltr'><strong>crescens:</strong></span> <span class='ocrx_word' id='word_1_155' title='bbox 1205 2681 1275 2754; x_wconf 87' lang='lat' dir='ltr'><strong>Ra-</strong></span> 
     </span>
     <span class='ocr_line' id='line_1_27' title="bbox 229 2772 1274 2870; baseline 0.004 -26"><span class='ocrx_word' id='word_1_156' title='bbox 229 2772 311 2844; x_wconf 89' lang='lat' dir='ltr'><strong>dice</strong></span> <span class='ocrx_word' id='word_1_157' title='bbox 332 2778 452 2862; x_wconf 76' lang='lat' dir='ltr'><strong>rubra,</strong></span> <span class='ocrx_word' id='word_1_158' title='bbox 480 2777 517 2849; x_wconf 90' lang='lat' dir='ltr'><strong>in</strong></span> <span class='ocrx_word' id='word_1_159' title='bbox 539 2775 653 2849; x_wconf 79' lang='lat' dir='ltr'><strong>hortis</strong></span> <span class='ocrx_word' id='word_1_160' title='bbox 678 2775 898 2850; x_wconf 84' lang='lat' dir='ltr'><strong>curiosorum</strong></span> <span class='ocrx_word' id='word_1_161' title='bbox 925 2776 1139 2870; x_wconf 85' lang='lat' dir='ltr'><strong>conspicua;</strong></span> <span class='ocrx_word' id='word_1_162' title='bbox 1169 2778 1274 2852; x_wconf 90' lang='lat' dir='ltr'><strong>Radi-</strong></span> 
     </span>
     <span class='ocr_line' id='line_1_28' title="bbox 229 2869 1272 2972; baseline 0.007 -30"><span class='ocrx_word' id='word_1_163' title='bbox 229 2891 274 2942; x_wconf 89' lang='lat' dir='ltr'><strong>ce</strong></span> <span class='ocrx_word' id='word_1_164' title='bbox 297 2869 437 2945; x_wconf 89' lang='lat' dir='ltr'><strong>demum</strong></span> <span class='ocrx_word' id='word_1_165' title='bbox 459 2877 554 2970; x_wconf 76' lang='lat' dir='ltr'><strong>flava</strong></span> <span class='ocrx_word' id='word_1_166' title='bbox 577 2875 683 2948; x_wconf 89' lang='lat' dir='ltr'><strong>nobis</strong></span> <span class='ocrx_word' id='word_1_167' title='bbox 705 2871 1003 2972; x_wconf 76' lang='lat' dir='ltr'><strong>frequentium,</strong></span> <span class='ocrx_word' id='word_1_168' title='bbox 1033 2875 1066 2947; x_wconf 76' lang='lat' dir='ltr'><strong>h</strong></span> <span class='ocrx_word' id='word_1_169' title='bbox 1088 2897 1153 2968; x_wconf 87' lang='lat' dir='ltr'><strong>per</strong></span> <span class='ocrx_word' id='word_1_170' title='bbox 1174 2877 1272 2949; x_wconf 89' lang='lat' dir='ltr'><strong>colo·</strong></span> 
     </span>
     <span class='ocr_line' id='line_1_29' title="bbox 227 2966 1239 3058; baseline 0.002 -18"><span class='ocrx_word' id='word_1_171' title='bbox 227 2988 305 3042; x_wconf 86' lang='lat' dir='ltr'><strong>rem</strong></span> <span class='ocrx_word' id='word_1_172' title='bbox 323 2969 568 3058; x_wconf 82' lang='lat' dir='ltr'><strong>accepnffima.</strong></span> <span class='ocrx_word' id='word_1_173' title='bbox 1235 2966 1239 2979; x_wconf 82' lang='lat'><em>&#39;</em></span> 
     </span>
    </p>
   </div>
   <div class='ocr_carea' id='block_1_3' title="bbox 226 3060 1271 3838">
    <p class='ocr_par' dir='ltr' id='par_1_9' title="bbox 227 3060 1271 3548">
     <span class='ocr_line' id='line_1_30' title="bbox 326 3060 1271 3164; baseline 0.002 -27"><span class='ocrx_word' id='word_1_174' title='bbox 326 3064 611 3140; x_wconf 84' lang='lat' dir='ltr'>PASTINACA</span> <span class='ocrx_word' id='word_1_175' title='bbox 621 3069 736 3164; x_wconf 81' lang='lat' dir='ltr'><strong>sativa</strong></span> <span class='ocrx_word' id='word_1_176' title='bbox 752 3060 1041 3162; x_wconf 58' lang='lat' dir='ltr'><strong>(Fumantem),</strong></span> <span class='ocrx_word' id='word_1_177' title='bbox 1056 3086 1173 3142; x_wconf 84' lang='lat' dir='ltr'><strong>verno</strong></span> <span class='ocrx_word' id='word_1_178' title='bbox 1187 3083 1271 3140; x_wconf 89' lang='lat' dir='ltr'><strong>tem·</strong></span> 
     </span>
     <span class='ocr_line' id='line_1_31' title="bbox 227 3161 1270 3260; baseline 0.006 -26"><span class='ocrx_word' id='word_1_179' title='bbox 227 3181 321 3257; x_wconf 84' lang='lat' dir='ltr'><strong>pote</strong></span> <span class='ocrx_word' id='word_1_180' title='bbox 361 3161 575 3254; x_wconf 87' lang='lat' dir='ltr'><strong>sapidiiiima.</strong></span> <span class='ocrx_word' id='word_1_181' title='bbox 647 3163 735 3255; x_wconf 85' lang='lat' dir='ltr'><strong>Ejus</strong></span> <span class='ocrx_word' id='word_1_182' title='bbox 770 3167 907 3236; x_wconf 87' lang='lat' dir='ltr'><strong>cultura</strong></span> <span class='ocrx_word' id='word_1_183' title='bbox 939 3164 1123 3238; x_wconf 89' lang='lat' dir='ltr'><strong>minimum</strong></span> <span class='ocrx_word' id='word_1_184' title='bbox 1161 3167 1270 3260; x_wconf 85' lang='lat' dir='ltr'><strong>exigit</strong></span> 
     </span>
     <span class='ocr_line' id='line_1_32' title="bbox 229 3259 1269 3353; baseline 0.006 -21"><span class='ocrx_word' id='word_1_185' title='bbox 229 3260 387 3342; x_wconf 77' lang='lat' dir='ltr'><strong>laboris,</strong></span> <span class='ocrx_word' id='word_1_186' title='bbox 412 3259 516 3332; x_wconf 82' lang='lat' dir='ltr'><strong>facite</strong></span> <span class='ocrx_word' id='word_1_187' title='bbox 534 3261 628 3334; x_wconf 90' lang='lat' dir='ltr'><strong>enim</strong></span> <span class='ocrx_word' id='word_1_188' title='bbox 652 3260 872 3333; x_wconf 87' lang='lat' dir='ltr'><strong>incrementa</strong></span> <span class='ocrx_word' id='word_1_189' title='bbox 893 3262 1011 3353; x_wconf 87' lang='lat' dir='ltr'><strong>capit,</strong></span> <span class='ocrx_word' id='word_1_190' title='bbox 1036 3262 1176 3353; x_wconf 88' lang='lat' dir='ltr'><strong>hyemis</strong></span> <span class='ocrx_word' id='word_1_191' title='bbox 1196 3266 1269 3352; x_wconf 78' lang='lat' dir='ltr'><strong>uim</strong></span> 
     </span>
     <span class='ocr_line' id='line_1_33' title="bbox 229 3355 1269 3454; baseline 0.005 -25"><span class='ocrx_word' id='word_1_192' title='bbox 229 3355 337 3430; x_wconf 80' lang='lat' dir='ltr'><strong>facile</strong></span> <span class='ocrx_word' id='word_1_193' title='bbox 361 3358 518 3450; x_wconf 88' lang='lat' dir='ltr'><strong>patitur;</strong></span> <span class='ocrx_word' id='word_1_194' title='bbox 550 3357 582 3431; x_wconf 84' lang='lat' dir='ltr'><strong>dc</strong></span> <span class='ocrx_word' id='word_1_195' title='bbox 607 3358 642 3431; x_wconf 93' lang='lat' dir='ltr'><strong>id</strong></span> <span class='ocrx_word' id='word_1_196' title='bbox 668 3359 840 3454; x_wconf 77' lang='lat' dir='ltr'><strong>singulare</strong></span> <span class='ocrx_word' id='word_1_197' title='bbox 862 3357 993 3450; x_wconf 86' lang='lat' dir='ltr'><strong>habet,</strong></span> <span class='ocrx_word' id='word_1_198' title='bbox 1025 3361 1122 3450; x_wconf 90' lang='lat' dir='ltr'><strong>quod</strong></span> <span class='ocrx_word' id='word_1_199' title='bbox 1143 3362 1269 3454; x_wconf 83' lang='lat' dir='ltr'><strong>hyeme</strong></span> 
     </span>
     <span class='ocr_line' id='line_1_34' title="bbox 228 3457 580 3548; baseline 0.011 -21"><span class='ocrx_word' id='word_1_200' title='bbox 228 3475 373 3548; x_wconf 88' lang='lat' dir='ltr'><strong>quoque</strong></span> <span class='ocrx_word' id='word_1_201' title='bbox 393 3457 580 3532; x_wconf 85' lang='lat' dir='ltr'><strong>accrescat.</strong></span> 
     </span>
    </p>

    <p class='ocr_par' dir='ltr' id='par_1_10' title="bbox 226 3543 1268 3838">
     <span class='ocr_line' id='line_1_35' title="bbox 323 3543 1268 3650; baseline 0.001 -27"><span class='ocrx_word' id='word_1_202' title='bbox 323 3550 486 3634; x_wconf 77' lang='lat' dir='ltr'><strong>APthl</strong></span> <span class='ocrx_word' id='word_1_203' title='bbox 504 3553 735 3650; x_wconf 82' lang='lat' dir='ltr'><strong>Petroseiinum</strong></span> <span class='ocrx_word' id='word_1_204' title='bbox 751 3543 953 3648; x_wconf 60' lang='lat' dir='ltr'><strong>(Perfida),</strong></span> <span class='ocrx_word' id='word_1_205' title='bbox 982 3553 1146 3645; x_wconf 80' lang='lat' dir='ltr'><strong>hyemem</strong></span> <span class='ocrx_word' id='word_1_206' title='bbox 1163 3551 1268 3647; x_wconf 80' lang='lat' dir='ltr'><strong>sapis·</strong></span> 
     </span>
     <span class='ocr_line' id='line_1_36' title="bbox 226 3647 1268 3745; baseline -0.001 -20"><span class='ocrx_word' id='word_1_207' title='bbox 226 3647 311 3726; x_wconf 84' lang='lat' dir='ltr'><strong>fime</strong></span> <span class='ocrx_word' id='word_1_208' title='bbox 342 3649 555 3742; x_wconf 79' lang='lat' dir='ltr'><strong>perdurans,</strong></span> <span class='ocrx_word' id='word_1_209' title='bbox 595 3651 658 3726; x_wconf 81' lang='lat' dir='ltr'><strong>nist</strong></span> <span class='ocrx_word' id='word_1_210' title='bbox 691 3673 732 3722; x_wconf 91' lang='lat' dir='ltr'><strong>ea</strong></span> <span class='ocrx_word' id='word_1_211' title='bbox 759 3648 969 3745; x_wconf 80' lang='lat' dir='ltr'><strong>gravior&amp;</strong></span> <span class='ocrx_word' id='word_1_212' title='bbox 1003 3665 1096 3728; x_wconf 85' lang='lat' dir='ltr'><strong>terra</strong></span> <span class='ocrx_word' id='word_1_213' title='bbox 1131 3650 1268 3725; x_wconf 84' lang='lat' dir='ltr'><strong>humida</strong></span> 
     </span>
     <span class='ocr_line' id='line_1_37' title="bbox 226 3744 1267 3838; baseline 0 -16"><span class='ocrx_word' id='word_1_214' title='bbox 226 3746 348 3832; x_wconf 81' lang='lat' dir='ltr'><strong>fuerit.</strong></span> <span class='ocrx_word' id='word_1_215' title='bbox 400 3744 570 3824; x_wconf 84' lang='lat' dir='ltr'><strong>Bifariam</strong></span> <span class='ocrx_word' id='word_1_216' title='bbox 590 3748 705 3821; x_wconf 87' lang='lat' dir='ltr'><strong>dividi</strong></span> <span class='ocrx_word' id='word_1_217' title='bbox 729 3748 841 3838; x_wconf 76' lang='lat' dir='ltr'><strong>solet,</strong></span> <span class='ocrx_word' id='word_1_218' title='bbox 875 3746 927 3823; x_wconf 84' lang='lat' dir='ltr'><strong>ita</strong></span> <span class='ocrx_word' id='word_1_219' title='bbox 951 3761 993 3822; x_wconf 91' lang='lat' dir='ltr'><strong>ut</strong></span> <span class='ocrx_word' id='word_1_220' title='bbox 1011 3750 1158 3826; x_wconf 85' lang='lat' dir='ltr'><strong>alterius</strong></span> <span class='ocrx_word' id='word_1_221' title='bbox 1184 3748 1267 3822; x_wconf 84' lang='lat' dir='ltr'><strong>folia</strong></span> 
     </span>
    </p>
   </div>
   <div class='ocr_carea' id='block_1_4' title="bbox 1175 3844 1270 3944">
    <p class='ocr_par' dir='ltr' id='par_1_11' title="bbox 1175 3844 1270 3944">
     <span class='ocr_line' id='line_1_38' title="bbox 1175 3844 1270 3944; baseline -0.021 0"><span class='ocrx_word' id='word_1_222' title='bbox 1175 3844 1270 3944; x_wconf 73' lang='lat' dir='ltr'><strong>(aria</strong></span> 
     </span>
    </p>
   </div>
   <div class='ocr_carea' id='block_1_5' title="bbox 0 0 1371 4746">
    <p class='ocr_par' dir='ltr' id='par_1_12' title="bbox 0 0 1371 4746">
     <span class='ocr_line' id='line_1_39' title="bbox 0 0 1371 4746; baseline 0 0"><span class='ocrx_word' id='word_1_223' title='bbox 0 0 1371 4746; x_wconf 95' lang='lat' dir='ltr'><strong> </strong></span> 
     </span>
    </p>
   </div>
  </div>
 </body>
</html>
