2688 4752
479 128 655 208 laurum
1028 155 1099 230 rog

34 325 122 386 tura
155 307 204 384 ad
234 307 391 384 maxima
416 306 524 382 &ad
557 309 704 386 minima
720 307 880 387 ¹infinito
902 331 1098 408 propemo-

31 411 114 484 dum
143 403 277 482 ordine
309 405 399 480 scala
422 405 578 502 incipiat
605 423 668 484 aut
696 407 860 484 delinati
909 407 951 484 In
981 431 1097 504 regno

30 505 143 582 saltim
185 503 381 598 vegetabili
415 505 649 602 ¹contagionis
682 506 860 600 ejusmodi
884 505 967 582 satis
996 507 1097 584 lucu

30 607 172 678 lentum
201 601 422 677 offendimus
444 605 648 698 analngon:
671 603 782 680 novit
810 604 979 680 nimirum
1005 604 1097 678 ruri·

31 703 197 776 celarum
220 701 281 772 vel
309 697 453 774 iniimus
479 701 713 796 Ustiluginem,
738 699 946 778 consuetam
971 702 1098 778 Hordei

31 800 231 888 comitem,
259 797 352 870 adeo
380 797 449 872 elle
474 799 746 896 contagiosum,
770 813 813 874 ut
836 823 984 897 granum
1007 799 1097 876 aliae

30 897 214 991 integrum
247 895 308 968 vel
334 897 475 990 unico,
510 895 573 970 sub
595 896 849 988 trituratione,
873 897 979 993 nigro
1001 898 1097 991 eiua·

31 995 127 1068 modi
163 992 342 1074 infertum
374 991 602 1090 pulvisculo,
631 995 655 1070 li
686 1010 791 1070 terrae
827 995 1094 1088 committitur,

31 1113 104 1166 oon
130 1091 202 1166 uili
230 1090 455 1188 ustilaginem
484 1091 590 1166 ierat.
642 1093 715 1168 Hie
746 1091 829 1166 dum
856 1093 977 1188 pulvis
1005 1113 1097 1188 aqua

31 1189 217 1278 miscetur,
234 1189 360 1262 videre
380 1189 471 1266 licet
490 1189 706 1266 animalcula
726 1202 866 1264 tantum
895 1211 971 1266 noo
991 1189 1097 1264 innu·
1223 1265 1227 1272 .

32 1309 125 1362 mera
152 1285 395 1378 subtillime,
433 1307 513 1380 que
542 1285 672 1382 sponte
697 1289 732 1362 se
758 1301 957 1378 moveant,
985 1298 1098 1382 prout

33 1383 219 1458 elariffime
245 1385 316 1458 boc
345 1383 524 1458 indicavit
545 1385 675 1480 illustr.
694 1389 820 1462 Burro
838 1385 1054 1482 Murrrbluvs

32 1481 66 1554 in
104 1481 208 1556 libro
244 1481 305 1574 qui
343 1481 538 1558 Houroater
572 1481 780 1560 inscribitur
809 1505 848 1580 p.
870 1505 953 1582 149.
1023 1407 1097 1556 seed

30 1577 104 1654 hare
127 1580 170 1654 in
200 1577 415 1654 transcursu.

122 1773 284 1848 Vermea
308 1773 343 1848 dr
366 1675 716 1852 insestd‘veffiibm
739 1781 813 1854 uita
837 1773 900 1852 iub
921 1769 1012 1850 clail
1033 1795 1095 1850 na·

30 1872 134 1946 turali
153 1869 415 1966 comprehensa
433 1873 558 1964 fuere,
576 1895 656 1968 que
674 1887 759 1947 toto
781 1889 902 1948 tamen
918 1875 1012 1946 coelo
1028 1866 1097 1946 dif-

30 1971 172 2058 lerunt,
207 1989 286 2044 non
319 1971 439 2046 minua
466 1991 509 2045 rc
534 1991 623 2044 evea
649 1969 684 2042 dr
710 1971 933 2044 mammalia:
962 1967 1097 2044 exinde

30 2089 119 2140 vero
140 2065 421 2156 concluserunt,
448 2065 589 2142 infesto
612 2087 691 2159 quar
707 2065 899 2156 officiunt,
921 2066 1045 2140 erdem
1061 2065 1098 2140 dt

32 2167 216 2240 vermibus
238 2165 429 2254 nociturar
456 2185 564 2258 quam
583 2184 675 2238 vero
697 2165 799 2239 nullo
822 2161 859 2238 id
882 2161 947 2238 fiat
971 2163 1097 2240 lunda·

30 2278 178 2355 mento,
207 2261 346 2338 nemini
364 2283 442 2338 non
464 2283 530 2358 per
549 2262 583 2337 se
598 2263 672 2356 jam
694 2275 809 2356 patet.
860 2261 1014 2336 Vermer
1035 2281 1099 2336 va·

32 2361 73 2432 rii
102 2361 252 2457 generis
288 2360 445 2434 humana
473 2379 632 2456 corpora
658 2357 848 2449 ebidem,
873 2379 1027 2452 quorum
1058 2359 1100 2436 in

31 2460 113 2532 tuba
149 2457 351 2537 intestinali
384 2457 454 2534 tria
483 2457 729 2537 communiter
755 2473 1021 2548 numerantur,
1047 2455 1096 2533 se.

39 2557 159 2646 Tora,
171 2557 372 2630 Lambricrrr
387 2552 421 2632 dt
434 2553 587 2652 Ascuris.
632 2557 739 2656 Quos
754 2569 884 2650 preter
897 2553 1007 2628 etiam
1020 2555 1097 2630 ani·

30 2653 131 2728 melia
157 2653 230 2726 alia
254 2653 292 2728 in
309 2651 533 2728 stomachum
552 2652 704 2731 subinde
725 2651 970 2739 descendunt;
997 2671 1099 2728 nam·

33 2771 118 2843 que,
136 2749 312 2845 Angues,
330 2750 451 2826 Ranae
469 2750 504 2824 tr
520 2750 701 2826 Lacertae
711 2761 753 2822 ut
770 2763 934 2841 taceam,
956 2747 1002 2826 de
1019 2749 1098 2844 qui·

31 2849 92 2922 bue
115 2847 258 2923 consuli
285 2845 431 2943 poliunt
456 2845 733 2924 observationes
763 2848 912 2922 Bartlol.
943 2847 977 2920 dt
1006 2847 1099 2921 alio·

32 2967 126 3038 rum,
157 2947 249 3021 Noi.
269 2947 342 3024 Dn.
362 2947 490 3043 Proser
514 2945 649 3020 ibidem
674 2944 811 3018 larvam
838 2943 1099 3018 animadvertit

32 3043 214 3136 eujusdam
232 3043 391 3132 Musca,
414 3043 577 3120 nec‘uon
597 3043 649 3116 D.
666 3041 718 3116 D.
729 3037 910 3139 &Adseffi
928 3043 1099 3118 Wabliorrr

33 3141 185 3216 Oniseos
207 3155 318 3234 atque
339 3143 457 3218 larvas
474 3141 744 3230 Phalonarum,
772 3139 970 3233 dequibus
994 3139 1098 3217 vide·

33 3248 133 3314 autur
151 3237 242 3314 Alio
257 3240 304 3312 Rr
322 3237 388 3312 Ar.
412 3241 467 3316 Sc.
490 3239 654 3334 Holmmfi
672 3259 777 3332 175²·
796 3255 835 3336 p.
849 3259 883 3310 r.
908 3235 1098 3312 Ceterum

32 3336 164 3410 vermis
187 3335 335 3430 quidam
360 3333 414 3411 eil
434 3337 552 3412 Gordii
575 3335 734 3431 species,
759 3355 865 3428 quem
894 3337 1014 3408 Verrem
1033 3355 1098 3410 mt-

31 3435 185 3532 direresem
215 3447 454 3526 nuncupant,
484 3445 636 3524 utraque
667 3433 706 3508 io
736 3429 840 3506 India
874 3430 1100 3526 notuimus,

34 3530 114 3622 qui,
148 3529 231 3604 setae
260 3531 401 3624 equine
426 3529 522 3606 haud
554 3531 745 3620 austrinis,
775 3527 980 3603 universum
1008 3529 1099 3625 saepe

33 3647 165 3722 eorpus
189 3627 262 3702 ime
280 3628 442 3724 graviori
466 3629 623 3722 quodam
642 3627 782 3706 doloris
808 3626 908 3702 sensu
922 3633 1100 3722 permeet,

33 3724 1115 3920 nitiduli,llltliilbllbilbili·

547 3919 583 3996 G
607 3946 631 4014 4
1006 3917 1097 3994 lium
1236 3987 1264 4002 ,.
