2688 4752
262 139 334 230 2‘00
521 149 781 228 varennas
817 125 1063 244 cruorum

264 343 325 406 cet
340 345 460 426 partes
485 334 523 408 in
541 336 743 420 Gelasimum,
764 332 1021 425 vegetabilium
1040 353 1128 403 vero
1146 329 1181 404 in
1197 327 1294 407 Enni·

253 431 373 526 fiunem
398 432 498 504 abire
523 432 699 504 debcant:
725 451 828 522 quam
856 428 1067 501 necessarius
1094 430 1134 502 sit
1162 427 1296 522 prudent

263 529 431 600 ciborum
455 529 635 616 desesius,
665 529 724 599 ves
747 549 804 598 me
825 543 990 608 tacente,
1015 524 1063 599 sat
1079 525 1225 598 dilucide
1247 545 1296 618 pa·

262 638 329 698 tet.
376 625 510 718 Neque
536 625 677 700 necesse
699 623 750 696 est
774 624 912 696 edisseri
939 647 957 694 a
981 625 1110 702 nobis,
1135 638 1220 716 quot
1239 624 1297 714 jan

264 721 398 796 dudum
439 725 534 798 Ana
574 721 902 826 COQUINARIA
943 723 1123 794 invenerit
1154 721 1298 794 ciborum

264 822 573 914 preparationes,
617 838 716 894 certe
769 820 997 909 innumeras,
1046 835 1086 892 ut
1128 815 1298 914 ingerenda

265 939 397 1010 nempe
425 921 548 1012 palato
572 921 754 1016 gratiora,
789 919 997 1002 teneriora,
1021 917 1250 1008 mossioraque
1266 935 1298 985 at

267 1011 460 1109 digestioni
502 1017 645 1090 demum
678 1015 842 1088 faciliora
878 1017 1091 1100 reddantur,
1132 1014 1233 1104 idque
1258 1011 1298 1082 in·

266 1113 394 1206 primis
428 1136 493 1206 per
528 1114 770 1209 exficratirncs,
803 1117 977 1198 cossimes,
1007 1109 1190 1208 effusiones,
1219 1114 1298 1183 esim·

268 1215 392 1298 tiones,
412 1211 631 1304 frixutsnncs,
658 1211 814 1305 testones,
841 1210 926 1281 &id
942 1231 1053 1303 genus
1072 1211 1162 1297 asia,
1190 1209 1223 1278 in
1240 1203 1299 1296 qui·

268 1307 337 1380 bus
364 1309 435 1384 Ars
466 1308 701 1394 coquinaria,
735 1307 927 1380 nouissimo
958 1311 1028 1379 boc
1058 1325 1238 1398 tempore,
1259 1301 1299 1374 in·

268 1421 396 1497 gentes
424 1427 467 1478 ac
490 1407 753 1499 propemodum
774 1405 971 1496 stupendos
1001 1405 1090 1476 secit
1113 1399 1299 1497 progressus.

269 1501 557 1595 Praeparationes
571 1505 735 1574 ciborum
756 1504 864 1597 longe
883 1503 1052 1593 plurimas
1075 1501 1234 1589 existere,
1246 1498 1301 1590 jan

270 1614 377 1672 antea
391 1614 536 1673 veteres
555 1599 770 1672 hauddubie
785 1599 868 1687 rati,
883 1602 1005 1673 mustis
1018 1601 1191 1682 referunt,
1203 1613 1302 1690 quen·

271 1695 489 1784 admodum,
517 1697 579 1770 suo
604 1696 712 1769 etiam
740 1718 843 1781 aevo,
872 1695 963 1768 teste
992 1699 1134 1792 Apicio,
1158 1697 1303 1767 decarne·

270 1792 374 1880 bant,
385 1791 629 1888 designabant,
640 1796 871 1880 caraxabant,
882 1793 1104 1878 exossabant,
1120 1793 1305 1886 carpebant,

270 1885 564 1979 subcustrabant,
587 1892 843 1975 concidebant,
861 1891 1155 1987 confringebant,
1172 1888 1306 1963 terebra·

270 1989 374 2079 bant,
400 1990 687 2074 trudiculabant,
710 1990 958 2082 surcusabant,
978 1990 1010 2062 dt
1029 1991 1117 2082 quid
1140 1984 1238 2061 non?
1266 1982 1306 2054 At

272 2108 366 2160 vero
382 2087 406 2160 s'r
420 2087 658 2182 resurgerent,
668 2087 796 2179 scripta
809 2087 921 2159 nostri
932 2088 1109 2178 temporis
1120 2079 1306 2176 coquinaria

271 2183 399 2274 visuri,
425 2185 501 2258 haec
520 2187 615 2259 inter
636 2206 679 2256 ac
697 2185 818 2276 Apicii
840 2184 884 2255 de
903 2206 940 2254 re
959 2184 1145 2258 Cusinaria
1171 2181 1306 2253 sibessun

273 2282 387 2374 magis
407 2281 585 2368 interesse,
599 2303 702 2374 quam
719 2282 812 2355 inter
823 2279 932 2353 Cubae
944 2282 1102 2356 Hortum
1116 2278 1264 2355 sanitatis
1275 2292 1307 2344 at

275 2377 437 2470 Syssema
455 2378 619 2465 Nature,
636 2380 738 2450 nullo
760 2379 910 2469 negotio
934 2379 1044 2452 essent
1064 2369 1306 2473 deprehensus.

277 2472 371 2546 Cum
396 2475 517 2566 itaque
543 2475 665 2547 omnia
690 2497 860 2563 corpora,
886 2476 923 2548 in
951 2478 1109 2550 hominis
1134 2469 1306 2549 restitutio·

274 2592 381 2660 nem,
407 2571 622 2666 ingerenda,
651 2571 724 2644 srve
741 2571 875 2662 species
898 2572 1009 2664 ipsas,
1035 2575 1110 2648 sive
1132 2587 1307 2667 praeparan·

276 2665 313 2740 di
344 2667 478 2762 species
513 2671 682 2759 modum,
721 2669 944 2744 diversissima
979 2672 1139 2759 fuerint,
1170 2665 1308 2744 nostrum

274 2765 403 2859 utique
427 2767 515 2856 erit,
547 2766 646 2841 omni
674 2789 759 2839 cura
781 2789 823 2839 ac
851 2767 1093 2842 sollicitudine
1121 2765 1309 2862 providere,

277 2885 325 2936 ne
352 2885 476 2957 parurn
507 2865 582 2937 baec
612 2863 766 2957 inspecta
797 2866 858 2936 vel
893 2869 1095 2938 examinata
1124 2858 1309 2937 ventricuso

278 2958 1310 3052 offerantur.Etcumomnia,quibusvescimur,.secundun

277 3055 371 3130 suam
394 3057 563 3148 quodque
587 3075 764 3148 naturam,
783 3059 820 3131 in
838 3082 971 3151 corpus
990 3075 1097 3156 agant
1116 3062 1310 3136 humanum

279 3153 443 3227 ciborum
464 3154 713 3242 selectionem,
735 3157 925 3228 admodum
944 3158 1189 3242 necessariam,
1204 3151 1311 3226 asbdue

276 3253 511 3346 maximoque
527 3275 640 3348 opere
661 3254 980 3442 comgrenisiandam
1000 3257 1223 3329 arbitramur.

376 3444 680 3550 Quandoquidem
709 3449 1062 3538 corpnsbumanum
1092 3441 1314 3539 compostum

276 3541 411 3638 magis,
461 3565 566 3635 quarn
602 3547 824 3638 reliquorum
868 3545 918 3618 est
958 3547 1215 3631 animantium,
1254 3556 1315 3630 quo

278 3661 407 3712 omnes
428 3640 503 3712 sere
528 3640 706 3732 ipsorum,
734 3641 854 3740 saltem
870 3645 1056 3736 piurium,
1085 3661 1231 3735 quoque
1249 3657 1315 3728 pcr-

278 3747 360 3834 agat
375 3736 600 3828 funsbiones,
623 3739 762 3813 necesse
781 3739 852 3830 est,
876 3755 916 3814 ut
934 3739 1205 3815 infirmitatibus
1221 3737 1316 3810 etiam

276 3833 441 3934 pluribus
473 3835 675 3913 obnoxium
711 3837 775 3928 fit3
815 3859 888 3932 quo
925 3839 1020 3914 enim
1052 3859 1186 3933 corpus
1216 3829 1315 3924 magis

1228 3948 1314 4005 com·
