2640 4744
362 167 729 304 ΡΟΝΗἮἙΕ
890 151 896 162 ⁸
1004 201 1078 304 2‘41

24 381 68 458 bo
101 379 342 472 enuntiabat,
372 383 466 457 adeo
499 383 751 486 itt'ugrotur,
780 383 972 484 morbum,
1003 366 1082 482 quo¹

22 481 184 572 laborat,
212 477 433 576 perspeuum
459 483 614 572 habens,
640 502 717 554 eam
744 501 790 556 ex
814 479 960 584 officina
975 483 1087 560 illico·

23 590 155 670 querat
175 579 356 670 plantum,
382 599 485 671 quam
502 577 642 654 morbo
669 579 722 652 illi
750 593 888 654 norunt
910 579 980 654 ell'e
1004 603 1081 656 me·
1139 607 1141 613 ’

20 675 187 766 dentem,
211 674 247 750 dr
264 675 485 772 manipulum
506 673 590 751 inde
611 689 816 771 acceptum,
835 669 960 771 postea
977 700 1080 774 aqum

22 773 170 860 fervidae
188 769 364 864 infusum,
390 771 503 847 Theo
525 771 656 860 instar,
684 772 836 850 hauriat.
886 773 987 850 Tota
1011 769 1085 852 ital

22 891 86 960 que
115 891 246 942 eorum
270 871 458 944 Medicina
481 869 533 945 est
558 869 944 966 uranico-empirica,-
979 877 1084 952 nulla¹

20 967 169 1042 fundata
204 965 379 1042 Theoria.
446 965 556 1042 Usum
593 980 779 1063 querunt,
823 969 866 1042 ad
902 971 1000 1046 vires
1044 969 1084 1047 δι’

20 1065 167 1138 modurn
193 1063 320 1162 agendi
345 1086 421 1140 non
442 1063 681 1140 attendentes.
730 1065 1002 1142 Medicamenta
1014 1091 1079 1144 ve·

19 1183 59 1235 ro
84 1163 166 1236 hec
194 1161 461 1256 fimpliciilima,
485 1161 722 1258 plurimorum
747 1161 947 1238 seculorum
969 1187 1013 1240 ex
1042 1188 1080 1240 e·

19 1261 150 1334 rientia
182 1261 278 1354 apud
312 1283 377 1334 eos
415 1261 675 1354 comprobata,
717 1257 914 1334 Medicinae
946 1283 970 1338 u
999 1189 1080 1340 flia

20 1355 211 1450 Europaeo
238 1355 498 1434 incrementum
532 1355 705 1432 adderent
734 1357 815 1431 saue
856 1378 931 1434 nou
1008 1359 1085 1437 ini-¹

19 1477 138 1542 mum,
163 1455 189 1528 li
207 1453 378 1530 Medicus
399 1457 585 1550 quitquam
603 1455 796 1544 cordatus,
827 1455 1015 1532 botanicre
1037 1457 1081 1536 ss*

20 1553 88 1626 nul
117 1570 274 1648 gnarus,
306 1554 376 1627 iter
405 1553 692 1650 adhaerentes
723 1549 910 1631 instituere
940 1557 1079 1649 nollet,

20 1671 98 1724 eum
127 1651 168 1728 in
189 1650 313 1744 primia
338 1653 378 1724 in
400 1649 532 1743 finem,
557 1665 597 1726 ut
619 1649 810 1766 genera&
839 1647 974 1744 species
999 1651 1079 1728 offi-

21 1747 275 1836 cinalium‚dt
307 1753 457 1826 morbos
496 1749 533 1823 in
568 1749 698 1842 qurbua
738 1745 975 1842 adhibentur,
1012 1751 1079 1834 sbi

20 1845 216 1918 familiares
247 1845 433 1932 redderet,
466 1845 564 1938 quod
588 1845 720 1938 cuique
747 1843 919 1936 Medico,
946 1845 991 1920 de
1012 1847 1078 1924 sci·

20 1945 116 2016 entia
136 1941 199 2016 sua
220 1943 329 2018 novis
347 1945 508 2042 augenda
527 1943 713 2035 inventia,
729 1939 888 2016 maxime
901 1941 1077 2040 sonicite,

20 2061 110 2114 cura
135 2037 208 2112 effe
231 2041 351 2116 debet.
712 2069 716 2076 ·
1079 2057 1083 2072 ·

401 2135 497 2252 Vl..
521 2131 697 2250 ouloo.
730 2232 739 2250 ·
1039 2146 1084 2252 .'

21 2332 78 2410 „t
94 2231 429 2428 elecelluti
442 2224 1079 2444 tiltrlluulrtltu

21 2451 145 2526 potum
180 2432 277 2506 hunc
305 2429 391 2506 inde
419 2431 464 2504 ab
493 2427 737 2524 autiqurffimrs
765 2445 866 2506 retro
901 2431 1078 2524 tempori-

20 2529 81 2602 bus
111 2529 167 2606 ibi
197 2525 300 2605 fusse
332 2545 540 2624 receptum,
573 2526 697 2602 dixille
730 2525 888 2602 sufficiat.
937 2523 1076 2602 Narra·

20 2628 139 2703 tiones
166 2647 235 2702 nec
260 2623 306 2698 de
329 2625 449 2700 sanilo
471 2625 615 2700 illorum
639 2627 789 2714 Darma,
811 2638 944 2718 utpote
971 2623 1084 2700 subu·

20 2725 133 2819 losas,
155 2723 335 2813 adferam,
358 2723 509 2816 quibus,
534 2719 828 2815 poscentum&
848 2721 991 2812 aliquot
1010 2743 1073 2796 an·

20 2844 83 2896 nor
106 2835 238 2898 aneto
264 2817 429 2912 Christo,
458 2841 539 2894 eum
565 2832 675 2913 potus
698 2819 928 2892 inventorem
951 2815 1072 2912 suillo,

21 2917 50 2991 dr
78 2917 253 2994 fruticem
278 2940 325 2990 ex
351 2915 547 3012 superciliis
571 2913 667 2988 illius
694 2913 865 3012 creuisse,
896 2911 1070 2990 statuunt.

21 3015 325 3092 verisimillimum
343 3015 418 3104 est,
441 3011 696 3104 ueceffitatetu,
717 3015 868 3108 primam
881 3011 986 3106 huius
1002 3017 1083 3108 po·'

20 3128 73 3187 tur
98 3111 204 3190 fuisse
233 3109 444 3208 magistram.
494 3107 662 3210 Etenim,
691 3131 818 3204 aquam
846 3109 1072 3187 animadver-

21 3223 137 3287 tentes
165 3209 367 3302 impuram,
399 3229 502 3302 quam
528 3220 731 3298 coxerunt,
758 3207 963 3281 salubrioris
990 3205 1073 3282 red·

19 3307 144 3382 dendae
171 3307 306 3394 caullb,
332 3307 501 3381 coitione
530 3307 663 3380 futuam
693 3303 772 3380 fieri
800 3307 833 3376 dt
862 3303 1072 3396 infirmium,
1120 3381 1122 3386 ,

19 3409 198 3480 variarum
226 3403 261 3476 ei
286 3405 474 3479 infundere
490 3403 581 3478 folia
599 3405 826 3496 plantutum,¹
851 3414 891 3475 ut
913 3388 1085 3494 sapidior·

18 3507 155 3594 pariter
183 3523 225 3577 ac
252 3503 370 3576 minut
401 3503 592 3576 debilitant
622 3497 1073 3592 redderetur,·vtriisquo

16 3599 118 3674 soliis
151 3599 334 3696 expertis,
365 3599 547 3693 saporem,
582 3595 617 3672 bt
648 3596 842 3694 gratiorem
879 3595 914 3670 dt
950 3593 1072 3674 minua

16 3699 256 3786 medicatum,
292 3697 324 3768 ei
351 3693 540 3771 conciliari
570 3717 590 3768 a
617 3695 717 3768 foliis
737 3692 875 3782 There,
902 3691 1073 3768 observa·

17 3809 114 3868 runt.
177 3793 459 3891 Elegantisimut
499 3793 629 3882 etiam,
679 3812 753 3886 quo
778 3791 989 3868 utebantur
1031 3792 1086 3866 in·

16 3891 87 3966 boe
110 3891 228 3966 truso
249 3891 503 3990 propinando,
526 3889 679 3982 modus,
700 3885 772 3966 suia
795 3907 926 3986 nempe
946 3885 1070 3968 vascu-
