2716 4748
279 185 351 262 390
531 159 757 279 nunnus
786 155 1081 235 ruvtsmnrs.

276 357 321 418 nt
347 339 463 416 visum
487 339 684 436 effugiant,
724 338 817 414 adeo
844 353 967 413 tamen
987 334 1172 432 copiosas,
1200 346 1238 409 nt
1255 347 1299 410 to·

278 453 357 515 tum
394 440 506 514 noilu
536 439 743 514 illuminent
776 458 977 529 oceanum,
1015 435 1051 508 u
1083 433 1247 524 efficiant,
1267 451 1300 506 ut

278 559 416 624 naves,
444 537 599 611 subatra
627 537 756 624 noble,
791 537 948 629 ubique,
980 547 1156 624 tamquam
1185 531 1220 604 in
1238 533 1301 626 igne

279 633 513 726 lucidilllmo,
550 646 697 721 natent;
737 633 883 708 fnill'ent
907 630 941 705 n
965 631 1044 705 baec
1067 629 1244 718 animalia,
1274 629 1304 700 in

278 735 378 809 hunc
394 753 507 826 usque
521 730 639 822 diem,
665 733 763 806 forte
783 733 930 826 ignota,
955 729 1022 803 nili
1040 725 1306 821 microlcopiaea

279 827 496 903 detexiss‘eut
520 829 720 903 Vianellio.
770 829 886 903 Immo
914 831 1041 902 Voluca
1067 825 1253 918 Proctusque
1269 825 1305 894 la-

280 925 429 1001 tuiss'eut
442 926 640 1001 etiamnum
656 949 737 1000 cum
754 925 939 1018 stupendis
952 925 1023 1001 suis
1037 919 1306 1019 proprietatibus,

279 1024 347 1102 nisu
370 1023 611 1120 microscnpia
628 1045 737 1121 opem
757 1022 927 1100 tulillent.

379 1315 639 1394 CORALLIA
663 1328 808 1392 veteres
831 1313 1011 1410 lapidibus
1035 1309 1309 1399 adnumerabant,

282 1417 340 1510 ar,
367 1416 450 1509 quia
467 1417 628 1490 calcarca
645 1415 779 1504 client,
803 1437 868 1508 per
890 1413 1037 1486 modum
1054 1411 1194 1486 arboris
1208 1409 1310 1482 Dima

282 1513 448 1610 generari
467 1511 684 1603 credebant,
707 1512 826 1586 donec
843 1509 976 1584 Comes
992 1509 1167 1604 Mar’filius
1181 1505 1310 1582 eoram

282 1612 324 1684 in
340 1610 427 1683 mari
446 1608 719 1683 Mediterraneo
737 1609 910 1701 expiscari
931 1609 1123 1702 inciperet.
1172 1603 1309 1682 Invenie-

283 1708 349 1781 bat
371 1707 409 1780 in
432 1705 488 1780 hia
514 1704 577 1801 (ut
593 1705 657 1798 ipli
675 1705 817 1797 quidem
833 1699 1046 1794 videbatur)
1071 1705 1181 1778 flores
1204 1703 1308 1788 vivos,

286 1803 373 1879 osto
390 1803 543 1898 petalis,
570 1802 656 1876 olto
673 1801 907 1892 staminibus,
929 1823 1078 1896 unoque
1100 1801 1248 1897 pistillo,
1270 1799 1310 1870 in·

283 1901 461 1994 struibus,
497 1899 589 1975 adeo
620 1915 741 1975 tamen
768 1900 936 1996 fugaces,
973 1899 1080 1974 utin
1111 1893 1308 1973 aeramenti

284 2000 406 2076 statim
422 1999 457 2072 se
483 1998 762 2086 contraherent3
797 2000 899 2090 aquis
930 2018 1022 2070 vero
1047 1997 1195 2070 demersi
1221 1989 1308 2068 rursu

285 2098 567 2190 explicarentur.
618 2097 706 2171 Haec
734 2097 785 2170 ita
810 2093 985 2189 descripta
1016 2093 1241 2168 &delineata
1257 2088 1306 2162 eo·

286 2197 389 2271 rallia
404 2216 479 2270 non
502 2196 626 2287 potuit
644 2216 721 2268 non
742 2194 875 2288 plantis
896 2191 1087 2268 accensere
1108 2193 1206 2266 orbis
1220 2187 1307 2263 curie

287 2293 360 2382 sus,
375 2293 482 2382 idque
495 2290 586 2365 adeo
598 2290 788 2365 videbatur
801 2303 954 2377 certum,
973 2304 1015 2364 ut
1030 2291 1242 2387 Peysmelius,
1253 2283 1308 2357 Me·

289 2385 392 2462 dicus
412 2387 651 2479 Mallrliensrs,
677 2411 781 2480 cum,
804 2409 902 2462 anuo
919 2387 1114 2482 sequente,
1137 2383 1269 2461 corallia
1278 2379 1308 2450 ab

289 2485 504 2559 animalibus
537 2485 697 2560 construi
727 2486 948 2562 Reaumurio
979 2499 1164 2575 narraret,
1198 2475 1308 2558 neubi

290 2581 434 2675 quidem
453 2604 527 2656 rem
545 2582 637 2656 adeo
661 2584 879 2677 paradoiam
905 2583 1116 2676 persuadere
1142 2571 1308 2676 pullen&

289 2682 423 2754 lateret
450 2679 548 2754 forte
581 2681 697 2756 adbuc
729 2681 960 2772 miraculum,
998 2679 1062 2754 nist
1097 2679 1307 2758 Trcmblrus,

290 2777 443 2873 Polypis
470 2776 642 2870 detectis,
687 2777 910 2872 patefecillet
944 2776 1092 2852 aditum.
1164 2771 1307 2852 Omnibus

291 2876 390 2950 enim
411 2878 449 2950 in
465 2876 626 2970 Polypus
646 2875 820 2964 intentis,
844 2874 1057 2952 acutiilimus
1076 2875 1161 2962 ille,
1183 2865 1307 2948 curiosus

292 2993 454 3064 uereque
477 2973 690 3046 immortalis
710 2972 794 3074 Job.
822 2975 911 3048 Ellis
930 2973 1072 3046 muscos
1087 2974 1126 3047 in
1143 2969 1309 3072 fundana·

292 3068 365 3156 ris,
405 3071 702 3162 quemadmodum
730 3071 909 3146 Dillenius
934 3070 1077 3144 muscus
1100 3070 1182 3144 suos
1208 3079 1309 3142 exant-

292 3179 447 3240 naverat
461 3166 665 3257 terrestres,
695 3169 840 3244 scrutari
855 3168 1117 3261 microscopiis,
1129 3167 1165 3240 dc
1176 3166 1211 3241 in
1226 3173 1309 3254 opert

293 3263 571 3357 incomparabili
599 3266 651 3342 dcl
681 3271 852 3340 Corallinis
879 3265 1078 3339 describere
1105 3264 1141 3338 dr
1164 3261 1310 3336 delineare

294 3359 347 3434 est
369 3360 555 3456 adgrellus.
605 3363 767 3438 Videbat
794 3363 870 3436 haec
891 3364 936 3436 ad
961 3363 1116 3458 ungulos
1139 3353 1308 3436 denticulos

293 3457 441 3531 Animal
464 3457 676 3546 ostendere,
711 3461 794 3535 flori
828 3461 973 3558 alligato
1007 3460 1140 3550 simile,
1175 3451 1261 3554 quod
1280 3443 1309 3556 td

292 3553 448 3628 sormam
470 3555 599 3650 Polypi
626 3557 910 3650 expanderetur,
932 3559 1141 3651 impuraex
1156 3573 1240 3649 aqua
1261 3545 1307 3620 suli

292 3654 487 3725 tentaculis
501 3658 568 3726 arri
573 3670 675 3747 peret
686 3655 813 3748 orique
826 3653 1059 3745 admoveret,
1082 3652 1126 3727 ad
1140 3645 1309 3727 muntium

292 3745 364 3822 sese
380 3751 632 3839 contraheret,
663 3752 725 3825 irbi
750 3767 868 3826 autem
899 3749 1083 3842 reddum,
1117 3749 1186 3824 sese
1207 3755 1308 3836 expli·

292 3845 396 3922 deret
416 3845 450 3921 dr
467 3861 635 3923 moveret
649 3861 691 3922 ut
709 3864 838 3938 antea3
861 3849 991 3926 dorem
1007 3849 1102 3926 hunc
1121 3860 1234 3924 autem
1249 3840 1308 4005 flzcc:
