2688 4752
283 147 354 198 ,ω
541 117 801 214 srnmnrns
818 115 1081 226 crunnum.

280 295 461 378 tellectum
490 299 667 389 velimus,
703 299 828 393 paucis
857 299 1056 393 disquirere
1086 299 1195 372 lubet.
1241 297 1312 370 LU-

280 395 375 472 XUS
402 395 523 487 itaque
555 397 590 469 id
616 398 724 470 nobis
754 396 970 484 dicendum,
996 397 1091 489 quod
1121 397 1314 489 superfluum

281 494 333 567 est
358 514 399 565 ac
417 494 633 586 pretiosum,
656 495 841 568 &naturae
860 496 979 568 minus
995 517 1207 590 congruens.
1253 496 1314 566 Ve-

282 605 396 666 terum
429 592 644 664 Rornanorum
671 592 848 666 luxuriem
875 593 1050 686 temporis
1076 591 1174 666 istius
1201 591 1314 666 eruditi

279 691 403 778 uerbis
430 686 481 759 sat
507 692 641 780 apertis
675 689 853 764 definiunt
881 691 1090 784 optimeque
1119 687 1314 763 describunt.

279 785 336 862 ltu
351 807 481 878 nempe
501 788 634 862 Plinius
648 787 693 860 de
708 787 945 862 SERVILIO
964 786 1153 862 RULLO:
1169 789 1209 860 ad
1224 790 1313 874 hanc,

281 885 422 975 inquit,
456 883 634 960 luxuriam
660 886 720 959 seu
749 885 871 980 potius
898 885 1067 959 insaniam
1093 883 1249 974 necetur,
1282 895 1315 958 ut

280 981 432 1056 solidum
476 982 615 1075 Aprum
657 984 905 1059 Romanorum
944 982 1081 1075 primus
1120 995 1313 1076 apponeret.

280 1079 457 1154 Acheruns
485 1082 630 1158 celebre
654 1082 843 1156 recensens
876 1079 1069 1154 CARANI
1104 1080 1313 1168 convivium,

281 1177 373 1250 dicit
403 1178 599 1272 unicuique
630 1181 742 1255 convi
773 1202 801 1252 ae
828 1179 1006 1274 integrum
1033 1175 1173 1273 Aprum
1198 1177 1314 1271 appui·

280 1291 357 1348 tum
383 1275 420 1348 in
448 1277 628 1367 quadratis
658 1203 821 1352 lancrzus
851 1297 940 1352 auro
967 1276 1190 1370 procinhtis,
1212 1297 1313 1370 argn-

280 1373 349 1446 teis
372 1374 499 1462 jaculis
522 1372 744 1452 transfixum.
798 1378 997 1448 Plutarchus
1015 1375 1053 1448 in
1076 1376 1153 1447 vita
1170 1374 1223 1447 M.
1241 1371 1313 1446 Ap,

280 1468 432 1541 TONIl
461 1491 606 1562 quoque
624 1471 758 1560 refert,
785 1473 823 1547 in
846 1474 923 1565 ejus
947 1473 1092 1558 culina,
1117 1495 1224 1545 coene
1244 1486 1314 1542 tem·

280 1587 396 1656 pore,
424 1567 509 1638 otho
533 1567 634 1640 fuisse
652 1571 796 1662 Apros,
820 1591 889 1644 nec
906 1570 1029 1642 multis
1046 1571 1218 1643 convivis
1234 1591 1314 1660 para·

281 1677 366 1749 t0s3
392 1663 487 1737 unde
508 1663 710 1762 Juvenulis:
752 1667 885 1770 Quanta
902 1669 945 1756 est
959 1673 1062 1760 gula,
1084 1691 1155 1759 que
1172 1668 1234 1761 fiht
1251 1682 1315 1737 tatas

274 1768 368 1857 ponit
390 1767 505 1858 npras!
555 1765 710 1837 Veteres
741 1767 876 1859 quippe
899 1766 1058 1839 Runerros
1085 1767 1174 1838 luxu
1195 1783 1315 1850 omnes,

282 1876 446 1952 quotque
476 1861 670 1953 novimus,
695 1877 822 1958 gentes
846 1862 1001 1936 immune
1021 1879 1195 1955 quantum
1213 1857 1315 1932 viride

281 1957 444 2032 constat:
470 1981 588 2052 neque
606 1983 696 2040 veto
717 1975 791 2034 tam
811 1963 933 2054 palato
955 1982 997 2033 ac
1013 1959 1131 2052 gustui
1149 1961 1316 2054 placitum,

279 2076 387 2144 ‚quam
416 2056 539 2149 potius
572 2061 708 2131 rariora
736 2060 872 2152 quaevis
903 2058 937 2132 δι
967 2057 1063 2150 J'usto
1093 2059 1212 2132 carius
1238 2069 1314 2130 emtr

280 2156 555 2248 preoptabant,
584 2155 673 2228 nihil
690 2172 789 2228 certe
807 2157 978 2248 maioris,
1010 2178 1117 2248 quam
1139 2147 1314 2230 tremotis·

281 2250 375 2334 simis
393 2252 545 2342 petitum
564 2252 692 2344 terris,
721 2252 909 2328 iacientes.
960 2254 1058 2330 Hinc
1080 2255 1204 2350 itaque
1220 2255 1314 2330 Petro

281 2355 357 2422 nius
384 2350 422 2422 in
443 2347 631 2441 Satyrico:

397 2485 481 2562 Ales
501 2487 658 2584 phafiacis
676 2497 782 2584 petita
809 2493 953 2580 Colchis,

397 2583 509 2679 Atque
535 2583 634 2677 Afrae
655 2590 802 2661 uolucres
823 2592 952 2684 placent
972 2593 1104 2686 palata,

399 2680 498 2856 gum
520 2708 580 2758 nan
596 2686 683 2780 sunt
700 2683 840 2777 faciles:
867 2701 901 2758 at
924 2690 1016 2760 albus
1041 2685 1174 2782 Anser,

437 2797 450 2853 t
471 2786 566 2875 piitit
588 2781 684 2858 Anas
709 2799 862 2857 renouata
883 2791 996 2880 pennis

398 2881 565 2968 Plehcjum
585 2880 688 2976 sapit.
748 2882 892 2955 Ultimis·
909 2886 948 2956 nh
972 2889 1037 2955 aris

396 2975 571 3052 Attrailus
591 2980 736 3066 Scarus,
758 2995 851 3073 atque
878 2979 1012 3052 Aurata
1034 2983 1173 3075 Syrti53

278 3105 281 3114 ·
398 3076 439 3148 Si
461 3077 539 3170 quid
561 3073 733 3171 naufragia
760 3079 866 3164 dedit,
888 3080 1059 3174 probatur.

378 3210 565 3315 Quidquid
595 3215 692 3289 enim
730 3214 923 3306 quaeritur,
963 3216 1142 3310 optimum
1178 3214 1312 3292 videtur.

280 3311 409 3407 Magni
435 3311 557 3403 itaque
574 3313 681 3404 pretii
708 3325 781 3386 tum
803 3314 977 3405 temporis
995 3314 1064 3387 fuit
1082 3317 1176 3390 Pauo
1192 3319 1313 3394 Senius,

282 3411 410 3485 Herus
431 3409 670 3497 Anthrarcius,
704 3410 867 3503 Attagenc
886 3417 1046 3505 phrygia,
1081 3415 1170 3486 Grus
1197 3413 1314 3491 Melita,

280 3509 424 3582 Pelctnit
441 3511 677 3596 chalcedonica,
696 3508 852 3580 Murena
876 3509 1030 3604 Tartefia,
1049 3509 1185 3603 Asellus
1205 3502 1313 3600 Pellin-

280 3609 360 3691 tius,
380 3608 501 3678 Scarus
516 3610 680 3694 Cttttceus,
697 3608 914 3680 Peliunculus
931 3611 1042 3693 Chius,
1056 3609 1172 3699 Ostrea
1188 3607 1314 3679 Tarenti

279 3725 334 3790 tta,
348 3705 463 3775 Palma
476 3703 685 3796 AEgyptiaca,
705 3707 791 3777 Nux
809 3705 919 3791 licia,
941 3706 1187 3778 GlansIhcrica.
1233 3697 1316 3802 Quin

281 3801 389 3878 etiam
413 3798 615 3882 AESOPUS
639 3815 743 3900 puter
771 3799 905 3882 dicitur
930 3801 1071 3899 linguas
1095 3804 1216 3879 svium
1226 3796 1316 3970 {ulta
