2710 4738
273 171 352 246 294
500 134 809 236 PURGANTIA
840 125 1114 233 mmmmm

278 327 391 402 citum
417 325 499 400 satis
517 323 773 418 perlustrarent
789 325 975 402 viirtantes
994 325 1155 420 Medici,
1171 329 1313 422 complu·

278 447 336 502 res
361 423 425 497 vix
448 425 524 495 dies
543 421 753 498 sufficerent.
800 513 801 516 Ἴ
1031 457 1034 467 ·

379 523 429 596 At
447 522 485 594 in
502 520 812 616 Pharmacopoliis
831 519 966 596 dlutius
985 517 1139 615 degent,
1163 521 1220 594 vel
1234 521 1314 598 inm

279 620 365 696 anm
389 619 596 706 decursum,
622 641 698 692 non
719 620 853 694 minori
870 641 952 694 cum
967 618 1204 720 admiratione
1219 622 1313 693 anin-

279 719 460 802 advertet,
478 733 577 792 tanta
595 739 642 792 ex
659 717 776 814 segete
795 719 860 794 vix
881 731 1043 812 quartam
1059 716 1233 810 praescribi
1249 739 1311 808 par·

278 832 375 891 tem:
406 815 564 910 reliquas
581 835 673 888 vero
690 831 871 910 tamquam
890 837 988 889 mera
1011 815 1231 908 antiquitatis
1248 835 1311 886 mo·

277 928 475 1002 momenta,
503 891 764 1004 pillpemodum
795 911 926 988 intacta
954 912 1081 987 &fine
1107 911 1168 988 usu
1189 913 1310 1005 jacere,

278 1019 321 1085 ul
344 1012 449 1083 facile
477 1011 670 1104 suspicetur
691 1013 865 1104 quilibet,
890 1011 1125 1085 medicamina
1146 1009 1311 1102 complura

278 1109 502 1204 ejuscemodi
533 1111 613 1198 jure
637 1109 706 1183 ell'e
731 1109 1012 1184 exterminanda.
1070 1109 1242 1182 Provenit
1263 1127 1310 1178 au·

278 1222 351 1280 tem
372 1208 487 1301 largus
510 1207 568 1280 bic
589 1207 933 1280 medicamentorum
951 1221 1177 1300 proventus,
1195 1221 1263 1279 tum
1275 1223 1310 1276 er

278 1303 496 1378 commebtis
518 1305 610 1391 avi,
639 1305 735 1398 quod
755 1319 892 1379 vocant
909 1301 1088 1392 medium,
1112 1305 1169 1379 sua
1189 1327 1229 1375 ex
1249 1301 1309 1373 uni·

276 1402 380 1476 versa
396 1400 472 1474 fere
490 1402 591 1474 ludia
615 1401 841 1488 amolientis,
866 1419 941 1474 tom
967 1403 1011 1475 ab
1036 1402 1113 1496 ipso
1138 1401 1247 1476 statim
1267 1420 1309 1470 re·

277 1498 510 1574 formationis
536 1515 723 1592 tempore,
757 1502 982 1592 usquedum
1018 1498 1205 1575 novillime
1238 1517 1308 1588 quo·

278 1617 347 1688 quc
380 1595 604 1670 introductus
634 1597 684 1670 est
713 1599 792 1671 usus
822 1597 1039 1671 Tetrorum:
1080 1621 1114 1670 e.
1135 1620 1167 1693 g.
1198 1592 1308 1680 Conii,

275 1689 449 1776 Daturae,
476 1693 703 1784 Phytolaccae
722 1697 789 1771 &c
810 1694 997 1790 postquam
1014 1710 1267 1770 venenatorum
1279 1690 1307 1760 in

276 1789 464 1863 Medicina
492 1792 724 1866 formidinem
753 1793 894 1865 tandem
923 1791 1138 1888 exsuperare
1165 1785 1308 1868 didicerit

277 1889 377 1962 orbis
395 1890 538 1986 ignarus
555 1891 589 1964 dt
608 1890 839 1966 meticulosus
856 1883 911 1982 *).

745 2043 781 2142 §-
831 2037 880 2112 u.
997 2031 1024 2104 ο

372 2146 521 2240 Duplex
535 2149 601 2239 est,
615 2165 725 2244 prout
743 2173 762 2222 a
779 2151 937 2224 Medicis
955 2149 1097 2224 tradlari
1117 2149 1216 2233 solet,
1229 2139 1305 2217 ml·

275 2245 312 2320 D
324 2244 406 2318 ICI
419 2247 518 2320 NA:
545 2248 725 2340 Empirica
743 2245 776 2320 u
793 2247 1023 2342 Dogmatica.
1073 2250 1238 2344 Empti-ua
1255 2235 1304 2325 esti

265 2344 354 2442 ‘'quae
393 2344 583 2415 Pharmaca
619 2347 766 2418 adhibet
800 2345 914 2440 longo
946 2347 1008 2420 usu
1038 2349 1213 2440 probata,
1234 2339 1304 2413 citra

269 2454 421 2544 omnem
451 2441 498 2512 do
518 2443 698 2532 operandi
726 2444 839 2516 modo
862 2443 1162 2537 disquisitionem.
1208 2434 1302 2526 Hujus

268 2538 418 2632 generis
441 2549 520 2610 “erat
542 2539 734 2614 Medicina
753 2552 899 2616 'tantum
925 2563 1002 2616 non
1027 2542 1148 2616 omnis
1165 2547 1301 2611 veterum

269 2647 382 2725 atque
413 2635 574 2732 gentium
608 2641 815 2730 quarumvis
845 2638 1007 2712 solidiori
1046 2637 1247 2712 eruditione
1271 2645 1302 2698 ac

268 2733 408 2806 motitia
431 2735 516 2805 artis
530 2735 758 2824 diomedea,
785 2735 991 2810 Anatomiae
1009 2736 1166 2825 scilicet,
1184 2725 1300 2820 Phyto

269 2831 403 2942 logice,
433 2832 673 2928 Palliolbgiae‚
698 2857 770 2908 una
789 2844 870 2907 'cum
885 2835 1054 2962 Physica,
1072 2832 1237 2914 Chemiae‚
1249 2824 1298 2895 llll·

275 2940 413 3000 tanrces
430 2928 496 3000 &c
523 2945 597 3004 non
618 2930 921 3008 confirmatarum.
972 2931 1160 3026 Ejusmodi
1181 2935 1299 3020 ‹11¹ine

276 3025 472 3114 etjamnum
501 3027 551 3099 est
579 3030 777 3123 Sineufium,
808 3051 961 3125 quorum
993 3032 1030 3104 in
1062 3031 1298 3110 Pharmacum

270 3121 353 3210 liis,
393 3124 541 3219 peri-nde
579 3125 720 3216 quidem
759 3149 802 3212 ac
834 3128 871 3201 in
907 3127 1060 3218 nostris,
1105 3123 1212 3200 loculi
1238 3115 1299 3227 sunl

275 3222 549 3313 quamplurimi,
582 3223 641 3296 sua
674 3227 827 3318 quilibet
853 3227 964 3300 herba
990 3229 1150 3319 repletus
1174 3215 1298 3308 fimplrcr

269 3339 344 3392 mec
361 3338 578 3413 praeparata,
610 3321 666 3395 sed
683 3324 743 3416 qui
761 3326 872 3396 loculi
894 3347 969 3400 nou
984 3326 1128 3413 herbar,
1151 3319 1205 3397 sed
1222 3325 1299 3387 mol·

272 3416 310 3486 bi
329 3420 533 3508 cujusdam,
564 3436 691 3491 contra
713 3441 818 3514 quem
843 3425 947 3496 utiles
968 3423 1166 3507 habentur,
1187 3419 1298 3490 nollen

273 3512 486 3607 adscriptum
511 3517 722 3608 proferunt:
750 3542 782 3591 e.
800 3543 833 3616 g.
856 3519 978 3596 Herba
995 3535 1123 3596 contra
1139 3501 1298 3620 Cephalal·

242 3669 247 3680 .
309 3745 311 3750 ι
589 3709 594 3718 ¹
713 3727 763 3754 m
1209 3619 1298 3716 gram

312 3771 744 4012 aqfficzlgrntgoemsemq,
770 3804 881 3933 nanzo
903 3789 1056 3934 rssme
1075 3761 1298 3938 [αἲὶέαῖέωῶ

244 4017 256 4036 ,
378 3985 393 4048 ,⁸
415 3937 511 4026 Proefi
534 3945 616 4014 Mar.
633 3863 900 4033 Med'f‘ffig
944 3865 1058 3958 ’Μ’
1073 3889 1175 3954 W
