2724 4746
165 209 563 315 onosstsmn'm
593 229 970 322 otctnns‘rum.
1049 249 1100 342 ’σγ
1231 289 1235 298 -

38 421 95 494 bet
120 438 238 513 parve
268 418 303 490 ds
331 407 584 514 integerrima,
607 439 690 494 cum
720 419 844 514 prime
872 419 906 494 e
935 420 1101 500 secunde

35 519 121 592 solia
151 515 223 589 fint
252 535 381 612 magon
415 513 447 590 dt
476 514 617 591 secrete.
681 515 963 612 opobalsamum
988 521 1100 597 flores

34 615 141 688 habet
158 611 357 710 congestos
383 613 426 688 ad
444 635 625 708 gemmas,
651 614 765 726 pfima
791 615 825 688 tr
854 615 1009 692 secunda
1037 639 1101 694 au-

33 711 566 902 ismaeliticum
582 711 1101 904 lilleltriflstla

34 905 229 982 AMYRIS
245 905 341 1002 foliis
358 913 494 1016 terretis
512 911 740 1004 integerrimis.

124 1003 198 1076 Sed
225 1003 383 1098 superest
409 1005 548 1094 adhuc,
575 1018 615 1078 ut
635 1001 916 1098 descriptionem
937 1003 1100 1084 Bellonil

34 1101 68 1176 dt
83 1099 234 1198 figuram
252 1099 418 1195 Prosperi
435 1102 562 1196 Alpini
584 1104 678 1174 inter
695 1100 729 1175 se
747 1102 1001 1190 conciliemus,
1018 1127 1098 1200 que

34 1215 185 1292 utraque
203 1197 397 1274 ostendere
418 1198 579 1288 videtur,
599 1199 703 1272 aliem
728 1199 846 1273 adhuc
862 1197 1016 1292 speciem
1034 1201 1100 1278 hu·

34 1299 85 1392 jus
100 1299 239 1388 plante
256 1295 296 1370 in
313 1295 449 1370 Arabia
465 1315 680 1386 occurrere,
706 1315 786 1389 quae
804 1297 903 1372 forte
920 1297 972 1388 esc
984 1297 1100 1392 Xylo-

12 1395 254 1483 salemum,
275 1394 378 1484 cuius
402 1392 491 1467 folia
509 1391 589 1472 sunt
607 1393 807 1507 pinnati&
826 1395 936 1469 flores
960 1395 1004 1468 td
1024 1397 1101 1510 rpi-

34 1515 112 1664 ξίῗ,
137 1488 629 1664 attulissetis?
647 1490 1100 1686 iptssitgtdtlitt

34 1703 71 1760 ut
87 1685 225 1760 ditium
245 1685 318 1775 est,
348 1684 392 1757 ad
415 1705 571 1780 gemmas
601 1687 768 1760 laterales
793 1686 1010 1784 congestos,
1035 1689 1099 1782 qui

34 1787 244 1859 tenninelee
285 1783 364 1857 fieri
403 1799 601 1875 nequeunt.
659 1783 728 1856 Sed
757 1802 945 1877 utramque
966 1797 1099 1863 tamen

34 1906 142 1956 unum
162 1881 359 1976 agnoscere
381 1881 557 1976 genum&
574 1885 816 1976 propinquam
835 1883 967 1958 habere
986 1883 1100 1960 affini·

35 1993 168 2072 tatem,
185 1996 265 2054 tum
287 1977 418 2052 loliolt
440 1977 638 2066 testantur,
665 1993 743 2052 tum
764 1977 898 2054 frustm
922 1979 958 2052 in
985 1979 1100 2074 figura

34 2079 183 2171 Alpini,
210 2077 273 2172 qui
291 2073 540 2170 Opobalssmo
558 2073 686 2150 nostro
704 2076 805 2150 omni
822 2097 868 2150 ex
893 2091 996 2170 parte
1018 2079 1100 2152 sunt

33 2177 172 2250 ssmiles.

125 2271 187 2346 Ex
214 2269 319 2344 dietis
348 2267 528 2364 sequitur,
551 2268 652 2364 quod
687 2269 766 2346 dure
795 2267 865 2346 lint
889 2271 929 2346 ln
961 2270 1101 2348 Arabio

35 2369 92 2446 iub
109 2371 187 2445 hoc
208 2388 343 2464 genere
367 2365 526 2462 species,
551 2369 663 2442 altera
684 2367 784 2443 loliis
801 2369 968 2459 tentatis,
986 2367 1100 2446 altere

34 2467 131 2543 loliis
165 2466 354 2562 pinnatis,
387 2487 465 2558 que
500 2466 537 2540 in
570 2487 677 2542 unam
706 2462 909 2541 coalescere
942 2465 1100 2562 speciem

34 2579 243 2662 nequeunt,
270 2562 297 2638 st
322 2559 434 2636 modo
463 2563 615 2656 alicujus
639 2565 681 2640 stt
706 2563 879 2658 ponderis
899 2559 1015 2678 figure
1034 2564 1100 2641 Al·

34 2665 131 2758 pini,
158 2683 242 2757 que
262 2661 373 2734 flores
392 2658 551 2734 ostendit
571 2659 823 2754 particulatos,
849 2661 910 2753 qui
933 2683 970 2738 m
992 2661 1099 2738 Fore·

33 2763 197 2836 sstiliana
221 2763 350 2832 omnes
380 2757 460 2832 sunt
487 2759 652 2832 laterales
679 2757 892 2850 pedunculis
915 2759 1099 2839 unillorit.

33 2861 173 2934 Verum
203 2855 315 2952 igitur
340 2855 622 2948 Opobalstmum
646 2855 737 2929 solia
761 2855 910 2930 habebit
927 2857 1101 2950 pinnata,

34 2957 203 3128 lli-“³is
220 2953 516 3126 siiillll
531 2949 1101 3128 illllil’bilisiffllffill

86 3073 194 3129 circa
247 3072 272 3124 o
469 3073 504 3124 m
897 3075 926 3124 s.
990 3072 1033 3125 to
1087 3093 1101 3110 -

33 3151 87 3227 lor
114 3167 245 3226 eutem
270 3073 442 3222 Forsskll
473 3169 551 3224 non
578 3147 794 3236 contendit,
815 3149 975 3240 plantam
1004 3147 1102 3226 suem

34 3245 275 3346 Opobalsami
302 3243 493 3320 officinalis
527 3245 682 3319 omnino
711 3244 782 3318 else
815 3257 991 3328 matrem,
1019 3267 1104 3322 cum

33 3367 232 3520 iliqm'l
253 3341 504 3514 {billis
526 3341 680 3514 ‘iiiii
698 3341 1103 3516 {illidunt

98 3467 183 3519 mus
228 3465 252 3516 u
496 3465 508 3516 r
924 3463 944 3510 e
1038 3463 1060 3516 u

35 3565 83 3616 eae
115 3544 155 3616 in
180 3462 400 3636 pauci'ffir‘sns
424 3491 458 3610 ds
485 3535 564 3615 sere
592 3463 724 3626 nullips,
764 3551 1000 3632 preterquam
1036 3491 1103 3614 nut

36 3661 137 3714 mero
156 3637 402 3724 solimorum,
426 3631 611 3713 differant.
662 3633 716 3708 Ut
737 3633 846 3729 igitur
871 3635 966 3708 viam
987 3633 1127 3734 ingre-¹

37 3737 176 3812 diamur
204 3731 436 3830 expeditam,
475 3731 611 3827 species
644 3731 719 3806 hoc
749 3731 862 3806 modo
894 3727 1105 3824 statuimus,

39 3835 227 3928 &prime
260 3827 544 3924 descriptionem
579 3829 624 3905 ad
661 3829 843 3928 exemplet
874 3829 1011 3906 milium
1045 3831 1105 3904 da·

39 3933 170 4012 bimus.

564 3971 597 4098 it
624 4047 645 4101 2
1010 4026 1108 4118 getn-
