2688 4752
8 131 10 202 l

134 193 515 284 FUNDAMENTA
543 198 966 286 ENTOMOLOGIAE.
1033 227 1100 304 ¹57

39 367 165 463 rende,
217 380 431 478 optandum
451 381 572 473 foret,
595 395 640 458 ut
658 385 736 479 pari
756 383 871 462 modo
894 397 975 459 tota
992 382 1105 462 scien·

41 487 90 558 tia
105 481 283 596 potuillet
299 479 451 596 institui.
503 479 599 596 Heio
624 483 721 558 enim
749 505 886 560 nomen
907 481 1022 578 ipsum
1050 483 1105 560 in·

40 577 648 792 euopffifficssnlggsrrraplgpber
667 681 817 768 nomina
833 681 1050 756 arvrauntur
1064 678 1104 762 en

39 775 217 894 Equmea,
235 775 472 890 Helrconroa,
491 775 659 866 Danaos,
680 777 909 892 Nympholea
926 781 961 854 tt
977 777 1105 852 illebr-

39 899 106 991 Ψ·
160 873 1104 1067 ilitifllll⁰”tlltilllltlllllt

40 995 146 1166 33:1¹2
177 1069 272 1145 adeo
294 1023 607 1185 quoadnalfimenta
633 997 821 1186 aptore?
831 997 974 1170 ignoti?
1000 1029 1105 1166 ligni:

40 1167 1107 1374 llltqtlllbiltltllll,llltllt‘llll

41 1365 207 1460 Trojano
228 1375 414 1438 mutuatur
439 1361 491 1438 est
518 1363 622 1438 Nob.
639 1363 689 1440 D.
710 1363 852 1442 Proser.
903 1364 1007 1442 Inter
1034 1367 1104 1444 hor
1262 1452 1266 1460 ,

28 1465 115 1564 ,due
135 1461 235 1558 quali
251 1475 377 1536 turmo
393 1459 495 1555 sunt,
514 1483 665 1558 quarum
683 1463 936 1550 alterafuscoa
954 1465 989 1538 δι
1008 1464 1106 1558 quast

41 1564 206 1660 lugentes
224 1557 395 1636 continet
412 1557 589 1654 Equites,
615 1560 679 1657 qui
700 1561 746 1636 ad
762 1563 858 1639 belin
877 1565 1012 1638 alarum
1028 1583 1105 1638 ma·

42 1663 135 1738 culrr
158 1659 298 1735 babent
317 1657 444 1734 rubrae
464 1661 567 1733 velut
587 1673 807 1740 cruentatas.
859 1661 929 1746 Hir
942 1683 988 1738 ex
1002 1662 1105 1754 equi·

42 1761 135 1835 tibus
162 1758 315 1854 Trojma's
343 1756 495 1832 nomine
525 1755 720 1853 imposuit,
747 1779 903 1852 quorum
933 1774 975 1834 ut
1002 1760 1104 1836 Pria·

41 1879 115 1934 mua
133 1877 202 1932 rex
221 1865 300 1930 erat
316 1851 466 1950 Troje,
496 1855 546 1930 ita
564 1857 793 1952 papilionum
809 1857 1112 1952 splendidissimus.

43 1957 132 2030 idem
149 1953 249 2053 gerit
271 1973 419 2031 nomen.
473 1947 597 2028 Ceteri
616 1951 785 2046 Equitea,
804 1955 965 2032 tidenter
982 1959 1105 2032 multi·

43 2056 125 2152 plici
152 2053 308 2144 colore,
345 2051 614 2148 variegatisque
641 2053 707 2126 nlla
729 2053 895 2128 Heroum
919 2055 1106 2130 Groecuum

43 2151 253 2231 nominibus
274 2149 526 2248 inignirmtur.
585 2145 636 2222 Et
656 2149 741 2243 quia
765 2151 805 2226 in
826 2163 984 2246 utroque
1003 2173 1106 2229 exer·
1228 2185 1240 2206 ·

44 2255 114 2328 citu
137 2267 219 2326 tum
235 2249 355 2346 Reges
379 2261 505 2340 erent,
525 2259 602 2322 tum
625 2245 796 2324 homines
824 2247 1015 2326 inferioris
1047 2268 1111 2326 or··

43 2352 157 2442 dinis,
186 2346 343 2442 Equites
364 2343 431 2420 alis
454 2345 618 2421 caudatis
635 2343 819 2441 speciosos
839 2354 927 2444 regio
949 2347 1110 2447 defigur-

44 2452 97 2524 vit
120 2447 299 2538 nomine,
336 2465 370 2518 e.
384 2465 418 2542 g.
445 2446 547 2520 Poris
568 2445 634 2518 nbi
664 2445 897 2536 nominatur,
924 2445 1021 2522 &ex
1037 2448 1106 2522 Hi·

43 2547 152 2624 lloria
184 2543 262 2621 scio
296 2563 380 2618 eum
410 2539 513 2617 soille
545 2539 772 2638 Troianum,
810 2543 916 2640 regio
949 2566 1109 2640 genere,

44 2648 166 2744 primae
185 2643 287 2720 hunc
306 2638 474 2716 setlionia
500 2637 569 2714 elle
586 2640 777 2739 intelligo,
806 2640 845 2716 id
869 2639 921 2718 est
945 2643 1109 2736 fuscum,

43 2745 160 2822 rubris
177 2743 218 2817 in
236 2739 385 2835 peoora
400 2738 573 2830 maculis,
590 2737 657 2814 aliu
675 2739 852 2816 caudatis.
886 2738 1110 2835 Agmnerrnrrr

44 2846 102 2920 nbi
131 2839 361 2935 adpellatur,
391 2857 497 2931 quem
524 2835 695 2912 Graecum
721 2835 825 2912 fuiffe
850 2839 1021 2927 memini,
1054 2837 1110 2914 in·

44 2941 169 3038 telligo
199 2935 426 3034 papilionem
455 2930 525 3010 elle
554 2933 725 3028 Equitem
758 2935 824 3012 alis
850 2937 1045 3032 variegatis
1069 2939 1110 3012 bt

45 3037 220 3115 modetia.
275 3035 409 3110 Nereus
430 3053 522 3108 vero
542 3033 604 3126 qui
622 3032 779 3125 dicitur,
803 3033 848 3108 ud
867 3033 1109 3129 posteriorem

43 3135 245 3234 pertinebit
263 3131 481 3224 lettionem,
506 3132 642 3225 absque
660 3132 727 3208 alia
744 3131 919 3207 crudaria.

138 3231 308 3308 Secunda
327 3229 463 3322 clnffia,
491 3245 570 3324 quae
586 3227 819 3306 HELICON
822 3229 902 3312 108.
924 3230 1109 3322 continet,

44 3356 87 3408 ex
107 3329 394 3502 Mufisgomina
409 3327 551 3420 servat,
577 3339 620 3402 ut
636 3327 797 3420 Urania,
818 3326 1000 3423 Calliope,
1016 3327 1110 3406 Ter·

67 3431 211 3508 fitbore
265 3447 299 3502 c.

43 3455 66 3528 p
138 3526 270 3602 Tertia
287 3524 398 3601 setiio
414 3545 460 3598 ex
484 3521 569 3598 filiis
594 3521 630 3598 ἀ
656 3521 800 3598 filiabua
819 3521 936 3598 Donni
958 3527 1112 3604 nomina

42 3623 238 3705 distribuit.
303 3623 397 3698 Cum
424 3643 518 3696 vero
549 3618 766 3716 hesperios
794 3621 832 3696 in
859 3619 947 3696 duaa
977 3625 1112 3698 abeant

42 3727 243 3816 setiionea,
269 3721 457 3798 Candidos
482 3739 613 3812 nempe
636 3716 875 3794 &Festivom
895 3725 1111 3815 metaphora

42 3829 95 3900 ita
121 3821 227 3896 duur
254 3819 330 3912 est,
369 3833 410 3894 ut
434 3815 595 3892 candido
624 3817 788 3892 Filiorum
816 3816 960 3910 Danai,
986 3819 1110 3896 festivi

33 3922 187 4020 filiorem
209 3917 367 4020 AEgypti
388 3929 540 3996 teneant
566 3914 741 4010 nomina,
763 3929 805 3992 ut
826 3937 873 3994 ex
897 3915 976 4012 ipso
997 3939 1110 4089 vgcla-

1046 4035 1108 4088 uo
