2688 4752
114 271 495 352 FUNDAMENTA
520 269 973 356 ORNITHOLOGICA.
1003 263 1072 378 1'13

25 449 296 530 tlrcmiieristicu
312 437 587 544 denominatio,
613 453 725 528 modo
742 455 853 554 certis
875 457 969 530 adeo
990 457 1075 536 l'uis·

25 549 66 626 set
90 551 218 626 innixa
249 547 493 624 fundamentis
519 573 562 625 ac
591 551 654 625 fibi
681 551 882 646 persuasere
903 553 1072 632 Veteres.

24 647 189 724 Deseiius
208 665 300 720 vero
319 647 424 740 hujus
442 647 679 741 charciieris,
701 651 921 728 advolutum
940 653 1074 750 Vesper-
1132 657 1137 666 ’

24 753 159 821 citimum
178 746 213 819 dt
231 747 451 825 Nostilirnrnn
473 747 571 820 inter
594 745 824 840 Mammula,
852 751 1019 826 Draconis
1039 751 1075 828 ἀ
1137 819 1142 828 .

26 845 128 940 chafi
140 843 241 918 inter
257 841 474 938 Amphibia‚
499 843 665 940 Magrus,
694 846 815 942 Triglae
832 845 865 922 dt
883 847 1076 946 Gcslcro'flei

25 944 108 1016 inter
131 939 250 1016 Pisces
286 941 320 1014 dt
353 941 588 1036 plurimorum
629 939 849 1020 Insciiorum
886 944 1074 1062 (exceptis
1230 977 1237 992 ·

22 1037 168 1132 spteris)
204 1035 429 1130 attendenti,
466 1041 548 1114 luce
588 1042 787 1116 meridiana
834 1042 886 1117 esi
924 1045 1071 1122 clarior.

25 1137 151 1212 Conna
179 1121 288 1234 Aves
311 1156 389 1212 non
418 1157 546 1213 omnes
572 1137 610 1213 ln
637 1139 749 1213 cltum
775 1139 810 1224 se
832 1141 964 1216 tollere
992 1138 1075 1238 pos·

8 1231 108 1309 'iuntt
139 1247 185 1308 ut
206 1232 400 1326 Impennes
424 1233 527 1309 dine
554 1239 780 1328 struthiones,
814 1239 953 1328 Didus,
988 1239 1074 1316 Diu·

24 1337 113 1408 neira
137 1333 304 1429 dernersu,
330 1331 420 1410 Alta
434 1339 599 1506 irnpnmirs
611 1331 644 1408 dt
663 1333 828 1414 Plaitlrn
850 1337 1022 1436 dernersus.

22 1553 27 1560 ·
111 1528 235 1607 ideam
256 1527 447 1626 genuinum
468 1525 606 1604 Avium
629 1543 816 1605 externum
834 1525 989 1624 primum
1007 1523 1075 1610 fibi

25 1629 244 1723 comparabit
267 1625 410 1701 futurus
431 1621 726 1724 Ornithologus.‘
774 1627 857 1702 Erit
884 1629 959 1704 hoc
978 1631 1076 1708 haud

23 1727 203 1800 molestum
227 1725 304 1816 illi,
328 1723 388 1817 qui
413 1721 620 1798 struiiuram
641 1737 904 1821 externumque
924 1728 1075 1808 humani

26 1823 183 1938 terporis
214 1843 293 1897 non
322 1820 477 1936 ignorat·
502 1821 677 1900 habitum.
736 1823 957 1936 Anntomlca
983 1849 1075 1922 quo·

21 1934 1077 2129 {trististrististiltstlssttsttsltil

25 2141 61 2192 ea
81 2135 204 2192 temen
227 2107 326 2190 sorte
350 2113 444 2190 haud
470 2114 533 2187 abt
549 2135 588 2188 re
606 2127 691 2206 ent,
714 2111 914 2210 indigitslse
935 2119 1077 2213 paucis,

25 2210 402 2388 ttfflffstl‘silt
422 2209 1077 2404 litttslitt”institisti

20 2413 129 2486 nisrno
157 2408 293 2484 summe
319 2405 581 2502 compendioso
599 2360 815 2498 adommim
840 2429 887 2482 ne
908 2409 1078 2505 corporis

26 2511 198 2604 grauitate
222 2504 458 2596 nutantibus,
481 2505 685 2579 liberrimus
708 2505 1013 2583 intercluderetur
1037 2507 1078 2585 iu

27 2627 103 2680 rura
119 2607 283 2681 volutus.
332 2601 468 2696 Ecquis
489 2601 562 2678 hoc
588 2623 665 2678 non
694 2601 885 2698 intelligit,
913 2601 1076 2702 dummu·

27 2701 68 2776 do
97 2705 205 2779 Aves
237 2722 311 2796 prae
342 2701 473 2776 ceteris
508 2699 605 2774 mole
636 2720 679 2774 ac
703 2697 865 2794 pontem
900 2693 1079 2800 insgnes,

27 2797 325 2894 quemadmodum
354 2801 576 2886 struthiones,
603 2817 702 2872 mere
726 2794 907 2898 pedestres
934 2795 1079 2898 euasrll'e

27 2899 61 2972 in
74 2898 290 2972 memorium
305 2893 485 2970 revocati
540 2897 661 2970 Vultur
672 2895 839 2992 Gryplus,
851 2895 1007 2972 maxima
1023 2899 1079 2975 in·

21 3005 78 3071 ter
95 2997 272 3071 volantes
289 2995 389 3082 svis,
406 2990 572 3068 rarilsrme
591 2991 756 3088 quidem,
789 3005 837 3086 ut¹
854 2991 1004 3072 subinde
1027 3009 1080 3074 ts.

27 3113 129 3184 nen,
154 3091 340 3183 volitans,
364 3092 458 3166 seris
478 3111 659 3168 murmure
679 3089 759 3164 coell
778 3087 887 3166 instar
900 3095 1080 3190 tonantis,

26 3191 261 3286 presentibus
285 3203 462 3264 terrorem
485 3187 628 3264 incutit
678 3185 877 3276 Leviffimre
901 3204 943 3263 ut
968 3189 1082 3270 ellcnt

26 3293 220 3380 volucres,
245 3287 373 3362 desunt
393 3287 464 3360 illis
477 3284 670 3376 Auriruiae,
689 3287 809 3372 Lniic,
827 3285 965 3374 Denter,
985 3292 1082 3375 Stra,-

26 3403 112 3477 turn,
144 3389 259 3461 cauta
274 3389 436 3479 elongata,
467 3389 589 3482 Corpus
612 3388 733 3458 cerebri
752 3383 920 3478 cuiinsum,
943 3386 1082 3478 Funis,

26 3485 232 3582 Epiglrttir,
253 3481 326 3556 Diu
348 3488 499 3578 irruguus,
525 3481 633 3578 Vestra
647 3487 796 3556 urinaria
812 3483 884 3566 &c
917 3479 1084 3562 Plurimae

25 3582 128 3656 Aves
152 3579 251 3655 binis
275 3579 312 3652 in
363 3579 450 3654 usic
472 3579 554 3655 sunt
576 3578 813 3670 ventriculis,
843 3599 996 3670 quorum
1021 3603 1084 3662 sn·

23 3681 143 3754 terior
165 3679 328 3755 Proicius
346 3691 523 3772 vocatur,
541 3677 574 3752 dt
591 3675 797 3752 iuniiiones
821 3684 997 3754 uentriculi
1011 3679 1084 3756 Ru·

15 3785 115 3852 micis
143 3795 322 3871 pecorum
348 3777 508 3872 peragit3
533 3775 715 3870 posterior
730 3773 851 3848 minor
871 3773 922 3849 est
946 3775 1086 3852 &Mu-

16 3875 191 4046 smiliosm'
217 3875 362 3949 interne
381 3873 617 3952 circumcirca
633 3873 838 3950 membrum
853 3873 1089 3970 cartilagines

21 3991 69 4046 ve
104 3972 197 4046 itus.

76 4071 175 4146 Turn.
197 4067 281 4150 Vll.
572 4067 613 4150 H
659 4089 665 4108 ·
967 4073 1001 4163 §.
1015 4065 1085 4150 vl.
