2716 4748
260 172 329 248 352
550 144 690 222 CURA
725 143 1023 224 GENERALIS.

258 347 341 412 cum
375 327 524 422 reliquis
555 327 842 422 corporis'vivi
867 329 1028 402 motibus
1059 329 1246 424 cohaeret,
1277 345 1315 408 ut

257 429 406 521 modum
440 427 620 499 excedens
654 419 803 518 effeilus
836 426 1026 501 morbosos
1054 427 1228 518 inducat,
1257 433 1315 524 qui

257 525 473 622 potissimum
507 525 543 598 in
576 545 623 597 eo
648 523 867 614 consulunt,
903 527 1003 618 quod
1021 530 1166 600 humores
1191 528 1317 602 reddat

252 625 457 723 phlogiflicnr
476 621 626 716 &fibras
645 629 832 696 tenaciores.
890 623 1022 712 Motu,
1045 625 1146 696 calor
1174 621 1315 717 oritur,

258 723 369 798 fluida
399 719 627 814 dissipantur,
663 737 839 812 motuque
869 736 989 814 portes
1022 720 1064 794 ad
1088 720 1122 795 se
1154 721 1315 800 invicem

259 820 498 913 applicantur.
551 817 650 891 Hinc
668 816 785 891 crusta
803 818 1081 892 inflammatoris
1098 820 1134 892 in
1151 819 1316 896 febribus

258 915 506 1014 phlogisticis‚
532 915 614 988 dum
640 914 754 990 serum
782 914 892 989 instar
921 917 1113 990 albuminis
1139 919 1205 990 ovi
1236 941 1315 992 coa·

258 1018 413 1110 gulatur.
462 1013 601 1087 Rustici
631 1013 800 1086 laboriosi
826 1013 1030 1112 sanguinem
1061 1015 1198 1088 babent
1234 1013 1314 1091 den·

258 1113 332 1189 sum
371 1112 404 1184 dr
436 1109 596 1206 spissum3
628 1126 757 1185 contra
790 1111 979 1187 sedentarii
1007 1111 1041 1185 &
1065 1109 1210 1186 femine
1239 1113 1314 1187 No·

258 1212 410 1285 biliores
442 1225 588 1284 tenuem
618 1209 653 1282 u
686 1208 869 1303 aquosum.
929 1205 1021 1284 Cum
1045 1209 1103 1284 Sal
1127 1209 1315 1286 &Oleum

259 1305 462 1404 sanguinis,
501 1309 681 1382 continuo
720 1308 847 1381 attritu
888 1325 1087 1397 acuantur,
1126 1307 1314 1402 volatilia,

260 1410 379 1494 acria,
401 1407 548 1479 rancida
579 1405 613 1480 u
646 1404 787 1502 putrida
812 1403 1027 1494 reddantur,
1057 1417 1158 1498 patet
1188 1419 1313 1500 motu,

258 1504 652 1581 humoribusnaturam
674 1501 923 1598 phlogisticam
944 1501 1147 1577 conciliari.

356 1601 395 1673 ln
427 1603 545 1674 Fibrnr
572 1625 590 1674 a
618 1602 646 1673 it
671 1601 812 1674 easdem
843 1607 1016 1676 tenaciores
1045 1601 1258 1691 reddendo,
1280 1602 1312 1682 h.

260 1723 293 1774 e.
312 1721 391 1790 quae
415 1720 507 1792 tegre
525 1698 558 1771 se
582 1624 726 1774 ‹listrahi
751 1696 952 1792 &discerpi
977 1699 1175 1792 patiuntur.
1231 1700 1315 1806 Quo

259 1797 396 1872 diutius
423 1795 591 1871 animalia
622 1797 777 1884 vivunt,
813 1817 859 1868 eo
893 1795 1097 1870 tenaciores
1124 1793 1228 1870 fibrae
1258 1821 1316 1872 eo·

258 1895 411 1972 rundcm
443 1892 556 1982 fiunt,
596 1894 897 1989 quemadmodum
932 1894 1005 1967 hoc
1034 1909 1136 1989 patet
1163 1917 1212 1980 ex
1245 1896 1317 1973 ani·

258 1994 406 2069 mallum
423 1993 608 2087 juniorum
633 2015 764 2083 carne,
800 2014 877 2084 quae
902 2003 1026 2067 tenera
1049 1991 1123 2085 est,
1161 1995 1317 2070 annoso·

258 2115 336 2168 rum
375 2113 467 2165 uero
502 2090 691 2165 tendinosa
723 2089 920 2164 tenacitate
954 2104 1163 2184 apparente.
1230 2093 1316 2166 Vita

259 2191 356 2264 enim
378 2191 577 2264 continuus
604 2205 726 2263 motus
752 2184 815 2262 est.
875 2185 1137 2281 Operariorum
1166 2187 1315 2265 musculi

259 2289 341 2362 sunt
366 2289 444 2361 duri
471 2289 505 2359 &
529 2289 657 2382 rigidi,
699 2289 781 2360 dum
809 2285 896 2358 vitae
939 2283 1146 2360 sedentariae
1175 2284 1316 2362 dedito·

258 2405 361 2472 rum,
388 2400 511 2458 tenera
533 2387 688 2458 mollitie
711 2383 804 2477 quali
830 2383 1010 2462 diffluunt.
1069 2385 1167 2458 Hinc
1197 2385 1316 2480 bajula

259 2480 438 2556 snccume
458 2483 623 2557 manibus
641 2484 767 2578 puelle
782 2481 1000 2573 nobilioris,
1032 2483 1085 2556 uti
1106 2483 1235 2576 ajunt,
1257 2505 1313 2557 ex·

257 2582 415 2676 primere
441 2583 553 2659 valet.
603 2582 646 2658 ln
670 2582 994 2668 collocutorum,
1022 2581 1080 2652 cui
1100 2580 1229 2676 jugum
1254 2580 1314 2654 im·

257 2679 397 2770 minet,
439 2680 565 2768 &ubi
607 2703 672 2774 per
708 2677 933 2771 consequens
972 2676 1120 2752 musculi
1159 2676 1244 2754 sunt
1278 2677 1314 2754 itt

258 2777 425 2868 albione,
454 2777 561 2852 iidem
582 2781 674 2851 adeo
693 2792 839 2851 tenaces
855 2775 1107 2868 reperiuntur,
1132 2790 1213 2849 uta
1234 2799 1312 2872 pau·

257 2877 425 2971 pessimis
449 2876 512 2948 vix
534 2877 788 2950 desiderentur.
841 2872 915 2976 Qui
937 2871 1080 2947 strenue
1097 2895 1231 2966 operas
1246 2896 1311 2950 ma·

257 2973 366 3046 nibus
392 2989 586 3062 exercent,
615 2973 758 3046 easdem
792 2971 928 3046 habent
959 2972 1065 3044 duras
1091 2973 1313 3064 secatione,

257 3071 355 3140 unde
375 3069 483 3142 etiam
500 3072 686 3144 laboribus
701 3070 823 3144 assueti
838 3067 1075 3143 robustiores.
1124 3067 1228 3144 Dum
1247 3069 1313 3166 pri·

256 3189 320 3241 mo
335 3168 451 3240 lucem
469 3167 619 3260 adspicit
635 3171 812 3259 tenellus,
836 3163 909 3240 ossa
927 3167 1038 3266 babet
1052 3167 1211 3260 flexilia,
1239 3167 1314 3262 pul·

257 3264 390 3361 posus‚
414 3265 617 3340 vasculosus
639 3266 672 3339 u
695 3264 803 3340 instar
820 3264 978 3361 spongiae
996 3265 1119 3339 mollis
1140 3265 1209 3356 est,
1232 3287 1314 3362 pro·

257 3364 412 3438 cedente
437 3387 526 3436 vero
554 3379 659 3438 aetate
682 3365 847 3438 tenacior
868 3362 1072 3457 &rigidior
1094 3359 1147 3438 fir.
1193 3363 1255 3439 Ex
1277 3359 1314 3440 fi·

257 3461 322 3533 bra
348 3484 438 3533 uero
465 3463 573 3536 nimis
601 3462 735 3559 rigida,
760 3460 882 3535 cordis
915 3459 1049 3533 allioni
1075 3462 1232 3537 multum
1265 3483 1316 3537 re·

255 3557 421 3646 sistente,
445 3559 624 3656 sanguinis
648 3560 839 3634 circulatio
858 3579 935 3632 non
961 3559 1081 3654 potest
1104 3580 1183 3634 non
1204 3559 1317 3656 impe·

257 3655 326 3726 diri
336 3678 347 3741 ;
377 3657 463 3730 hinc
502 3659 635 3732 nimius
669 3671 790 3734 motus
832 3659 1013 3733 accelerat
1039 3655 1201 3749 senium3
1231 3657 1315 3734 binc

256 3772 356 3829 mors
380 3774 426 3829 ex
446 3754 524 3831 sato
542 3757 640 3831 vite.

1210 3945 1313 4058 ou·
