2770 4752
67 171 372 254 nncassrrss
385 159 588 256 msron.
602 148 1012 263 marunnoss'rn.
1028 203 1098 276 441

46 355 202 432 Nemini
225 355 412 454 incognita
431 353 503 430 else
521 353 666 450 possunt
692 378 735 429 ea
751 377 869 432 rerum
889 359 1105 438 naturalium

47 453 189 540 musea,
208 473 285 550 que
294 454 412 550 Reges
423 451 581 544 Succiae,
598 452 751 546 Daniae,
769 451 934 552 Angliae,
954 455 1103 552 Gallie,

49 551 207 640 Siciliae,
234 565 314 625 cat
337 550 589 646 collegerunt3
615 572 743 626 verum
766 553 862 628 enim
878 572 972 629 vero
993 555 1105 630 maxi·

47 671 111 724 me
126 647 258 724 dubius
276 645 419 738 hereo,
446 669 491 722 an
515 649 643 722 horum
665 649 774 723 ullum
792 651 993 746 comparari
1019 673 1105 747 que·

50 763 92 822 at
107 767 190 828 curn
208 746 270 821 illa
293 744 466 838 stupenda
489 765 606 819 rerum
632 747 848 822 naturalium
870 747 1105 844 collectione,

51 865 133 934 qoae
150 845 194 918 ab
210 840 463 939 Augustillimo
474 841 663 918 Roliorum
676 843 858 940 Principe,
873 846 944 921 PE
952 845 1113 924 TRUM

51 943 189 1034 loquor
207 939 469 1029 MAGNUM,
489 940 561 1014 suit
578 940 675 1016 illata
691 941 729 1016 in
745 941 908 1018 Museum
928 943 1107 1042 retropo-

53 1037 221 1114 litsnum.
278 1035 315 1110 Si
345 1059 437 1112 vero
466 1035 625 1112 salsame
653 1039 733 1131 quic
756 1041 858 1134 loqui
892 1041 1106 1136 suspicetur,

52 1136 230 1222 evolvat,
252 1133 387 1224 velim,
416 1155 538 1209 carum
559 1135 860 1230 descriptionem,
888 1161 965 1232 qua
983 1137 1046 1214 sub
1061 1140 1107 1214 ti·

52 1233 157 1307 tulo:
176 1233 329 1329 Musercrr
345 1233 513 1328 imperiale
525 1233 798 1332 Petroprlitmrum
807 1287 820 1325 ,
839 1235 976 1330 prodiit
993 1239 1108 1313 Petro·

48 1335 144 1430 poli,
173 1351 263 1424 ¹742
283 1327 321 1404 in
348 1341 447 1412 82v0.
504 1327 625 1404 Fateri
655 1330 797 1424 quidem
827 1349 886 1408 me
910 1333 982 1427 ipsa
1006 1336 1109 1427 jubet

53 1429 111 1504 rei
137 1428 294 1516 veritas,
329 1427 381 1499 ibi
412 1425 671 1520 descriptiones
702 1429 801 1502 datas
826 1451 928 1530 quam
954 1434 1109 1508 maxime

55 1523 129 1598 eisc
148 1522 396 1618 imperfectas,
427 1521 487 1598 sed
504 1537 624 1598 tamen
651 1539 838 1602 numerum
860 1551 977 1603 rerum
1007 1527 1109 1604 aller·

57 1639 222 1696 vatarum
254 1619 473 1715 cognoscere
500 1621 632 1695 exinde
657 1623 754 1701 licet.
798 1623 944 1701 Etenim
981 1639 1111 1721 preter
1251 1687 1255 1694 .

57 1719 145 1794 illos
162 1717 425 1812 pretiosrisrmos
437 1719 621 1793 thesauros
634 1719 890 1813 Anatomicos,
904 1723 1032 1817 quibus
1049 1745 1111 1820 ps·

55 1837 117 1892 rcs
136 1817 234 1890 orbis
252 1817 349 1889 sorte
371 1837 445 1888 non
475 1816 590 1904 vidit,
623 1816 657 1889 dr
681 1833 810 1912 prater
835 1819 997 1896 ditissima
1020 1822 1111 1896 Her·

57 1916 182 2003 baria,
209 1913 289 1987 sunt
309 1913 357 1985 ibi
374 1913 611 1987 mammalium
628 1915 764 2008 species
788 1938 868 1992 212.
889 1918 1009 1991 avium
1028 1929 1110 2012 892.

60 2011 326 2106 amphibiorum
348 2015 431 2100 468.
456 2009 606 2104 piscium
629 2033 724 2104 470,
756 2027 798 2086 ut
817 2015 887 2106 jam
911 2013 962 2088 nil
984 2017 1112 2108 loquar

59 2109 107 2184 dc
128 2127 293 2282 dnumero
333 2107 545 2183 inseiiorum
584 2107 836 2204 vermiumque
863 2109 970 2206 plano
1002 2110 1113 2188 adrul-

42 2229 125 2284 ·ran
151 2229 189 2281 o.

507 2309 542 2398 ς.
596 2303 663 2378 lV.

156 2399 350 2514 scientiam
378 2400 471 2518 hanc
497 2399 598 2476 suiise
627 2401 664 2476 in
691 2399 847 2478 Australi
875 2397 1047 2516 liuropa,
1080 2401 1116 2478 dt

60 2497 1009 2689 {lihidinissihstittiilzlnl‘lhh
1023 2515 1116 2670 llll

62 2691 194 2766 tissime
221 2695 367 2788 vigere,
404 2695 522 2788 primo
554 2693 710 2782 intuitu,
750 2693 880 2786 coique
909 2691 1115 2781 videbitur,

59 2811 191 2864 verum
214 2793 308 2864 enirn
327 2813 441 2875 vero,
465 2791 687 2865 contrarium
709 2811 777 2864 nos
800 2789 1026 2886 experientia
1051 2791 1116 2863 do·

61 2903 136 2962 cet.
171 2888 331 2974 Paucos,
352 2889 459 2962 crede
476 2887 588 2978 mihi,
606 2886 779 2960 italorum
798 2887 1015 2962 offendimus
1033 2901 1118 2962 ante

60 2985 280 3060 decennium
313 2981 397 3080 ζ’),
435 2989 496 3080 qui
525 2987 602 3078 eius
634 2985 760 3060 imbuti
794 2984 861 3060 lint
889 2985 1117 3082 cognitione.
1166 2977 1191 3054 '.

59 3083 184 3159 Aliam
207 3105 297 3156 vero
317 3083 422 3174 hujus
443 3081 670 3180 negligentia
696 3079 845 3156 caussim
864 3083 928 3156 vix
952 3084 1118 3157 invenic-

8 3167 31 3202 ‘
59 3203 165 3267 mus,
194 3201 297 3272 quam
322 3180 749 3274 Pseudo-theologorum
774 3177 950 3268 artificia,
983 3180 1119 3274 quippe
1171 3213 1175 3219 ·

60 3277 126 3372 qui
150 3275 361 3371 persuadere
378 3279 489 3375 vulgo
506 3293 708 3369 conantur,
730 3297 796 3372 per
822 3277 899 3350 hcc
921 3277 1033 3350 studia
1057 3277 1120 3350 du·

60 3377 98 3449 ci
133 3375 300 3450 homines
329 3373 371 3446 ad
408 3375 659 3464 Atheismum,
697 3373 895 3466 doctosque
934 3375 1064 3447 retrahi
1099 3393 1122 3446 a

61 3471 229 3548 scientiis
252 3473 464 3546 excolendis
484 3472 733 3547 solidioribus:
762 3471 812 3545 ast
833 3472 907 3544 salli
927 3471 1122 3564 saliereque

57 3571 158 3644 hanc
185 3584 351 3664 gentem,
384 3571 516 3663 cuique
544 3583 665 3665 patet,
706 3591 783 3662 quae
809 3569 955 3642 sorsrtan
983 3569 1123 3643 idcirco

57 3669 241 3742 culturam
276 3669 354 3760 eius
385 3667 548 3758 inhibet,
584 3689 630 3740 ne
651 3667 790 3772 aperiat
815 3667 1016 3741 cultoribus
1045 3669 1123 3759 ejus

101 3895 160 3975 (*)
181 3893 251 3957 Hoc
266 3913 357 3968 vero,
378 3913 440 3978 quo
454 3895 606 3967 vivimus,
630 3905 771 3975 tempore
791 3895 916 3975 plurimi
937 3893 1038 3960 exorti
1056 3891 1126 3958 sunt

144 3993 201 4058 per
219 3973 338 4040 ltaliam
358 3971 495 4040 indeselli
516 3985 634 4068 nature
655 3974 854 4040 locutores.
