2770 4752
236 162 651 246 usus-ursaonae
674 163 981 246 unwanus.
1064 193 1136 272 va
1274 167 1276 176 ’

79 345 292 442 ampliffimo
308 350 418 446 igitur
434 349 602 426 thesauro
621 369 740 422 rerum
760 347 897 424 debent
916 347 1036 448 seligi,
1058 373 1139 448 quae

78 444 292 522 hominibus
320 447 537 541 inserviant,
566 469 645 542 quae
668 447 898 538 immediate,
923 471 1001 541 quae
1025 451 1138 526 medi·

78 559 171 644 ate,
191 565 238 618 ne
258 545 426 638 perverse
452 557 601 644 agantur
625 547 768 634 omnia3
793 545 827 619 ἂ
854 559 897 619 ut
917 545 978 620 hic
997 543 1138 623 institui

78 641 178 716 recle
199 641 304 736 poffit
326 637 493 734 salerius,
515 643 632 738 prima
657 662 743 718 cura
767 643 858 734 erit,
884 644 922 718 in
946 661 1137 720 numerato

75 739 215 816 habere
245 761 308 831 ea,
334 763 411 834 quae
435 739 612 838 seligenda
634 740 737 833 sunt,
764 741 800 814 id
829 741 902 833 est,
925 741 1017 816 adeo
1047 761 1139 820 nota

78 837 115 911 u
148 835 312 914 distiniia
344 839 497 931 habere,
549 851 591 912 ut
623 861 670 913 ne
701 837 982 915 confundantur.
1044 843 1138 948 Qua

78 934 273 1030 cognitio,
296 937 320 1011 li
338 935 450 1010 solida
473 937 564 1026 erit,
590 957 637 1010 ex
648 937 790 1032 scientia
808 940 883 1030 peti
902 935 1033 1025 debet,
1057 961 1136 1034 qua

79 1035 226 1107 Srientio
250 1051 374 1108 nature
396 1034 539 1108 dicitur.
591 1033 627 1108 Si
653 1033 747 1108 enim
765 1035 860 1110 itanc
875 1053 950 1109 non
974 1035 1055 1110 satis
1074 1057 1137 1109 ex·

78 1131 265 1204 coluerint
280 1131 404 1226 aliqui,
427 1153 502 1206 non
519 1129 664 1226 poliunt
678 1153 755 1206 non
777 1131 877 1204 orbis
897 1132 1027 1206 incola
1040 1134 1137 1206 clau·

77 1227 202 1301 dicare
227 1229 422 1303 &errores
448 1229 700 1318 committere3
726 1228 883 1324 ideoque
906 1227 1136 1324 inspiciamus

75 1325 258 1422 primum,
282 1327 365 1422 quid
384 1329 460 1402 haec
478 1327 627 1402 scientia
643 1325 795 1402 diuitet.

541 1469 576 1560 §-
626 1461 675 1539 11.

176 1562 334 1638 Scientia
351 1561 571 1656 naturoe,seu
587 1559 752 1660 cognitio
770 1583 888 1638 rerum
901 1563 1134 1661 naturalium,
1181 1555 1191 1576 '

77 1661 360 1756 comprehendit
373 1663 568 1758 lntogmn,
585 1661 807 1736 Berenicen&
823 1659 1053 1754 Litiaipgiam,
1070 1662 1136 1738 do·
1208 1709 1213 1726 ·

77 1778 215 1855 cetquo
248 1759 420 1836 facillima
447 1759 644 1850 methodo,
681 1759 836 1852 primum
862 1757 1137 1867 numerosrffimq

76 1855 247 1952 objecta,
270 1857 310 1932 ln
340 1858 455 1932 tribua
484 1855 556 1930 illis
583 1871 717 1932 nature
741 1853 861 1958 remis
881 1858 1135 1952 occurrentia,

79 1955 182 2030 n'otis
198 1953 307 2031 certis
332 1953 367 2028 u
386 1954 543 2050 propriis
560 1951 803 2049 distinguere,
832 1973 879 2026 ne
903 1951 1034 2028 summa
1053 1955 1135 2030 imis

76 2051 320 2142 misceantur3
360 2052 492 2128 deinde
526 2049 689 2126 distiniia
720 2047 930 2124 nominibus
967 2049 1027 2124 infi
1054 2052 1135 2126 nire

74 2151 260 2248 propriis,
286 2173 364 2244 que
392 2173 457 2245 per
487 2165 605 2224 totum
632 2151 756 2226 orbem
786 2147 831 2222 ab
850 2145 1004 2220 initiatis
1026 2072 1134 2222 facile

76 2248 198 2324 intelli
224 2248 234 2319 i
252 2247 402 2344 poffint3
420 2247 756 2338 tum,determinata
772 2243 839 2320 hac
853 2259 979 2320 catena
998 2261 1134 2320 natura

76 2346 114 2418 ur
138 2269 350 2438 obtgrvarm
375 2369 502 2420 eruere
526 2347 716 2440 qualitates
745 2344 780 2418 δι
812 2342 931 2424 vires,
962 2366 1031 2418 nec
1056 2362 1134 2422 non

75 2441 314 2520 conditiones
333 2443 646 2540 proprietatesque
671 2461 790 2526 rerum
811 2440 1037 2538 lingularum.

174 2685 218 2762 ln
242 2683 390 2760 scientia
422 2683 510 2772 hac,
544 2681 706 2754 omnium
735 2673 961 2773 amplidima,
993 2679 1043 2752 ob
1074 2691 1134 2756 tot

74 2799 252 2879 tantaque
280 2783 441 2878 objedla,
469 2779 678 2856 laborarunt
704 2791 842 2852 tantum
867 2797 943 2852 non
969 2777 1133 2874 innume·

74 2885 133 2976 ri,
161 2905 252 2976 quos
270 2897 412 2971 tamen,
431 2879 519 2952 licet
536 2874 758 2951 absolverint
776 2875 911 2967 multa,
928 2897 1004 2950 non
1019 2875 1132 2950 absol·
1193 2911 1200 2926 ι

75 2981 167 3056 vill'e
191 2981 334 3070 omnia,
362 2976 514 3052 constat.
564 2975 683 3048 Multa
703 2972 859 3064 restant,
886 2995 964 3067 quae
981 2973 1133 3068 posteri·

74 3080 145 3156 tati
166 3079 307 3152 Natura
325 3075 544 3164 reservavit,
571 3071 740 3146 nimirum
766 3087 806 3146 ut
830 3073 949 3145 omnis
979 3072 1047 3144 aevi
1067 3071 1132 3146 ho·

73 3178 194 3254 mines
217 3177 415 3262 haberent,
437 3191 510 3268 quo
532 3171 566 3244 se
587 3183 813 3260 exercerent,
834 3170 1133 3262 incomparanda

74 3273 241 3372 Supremi
258 3271 429 3346 Numinis
451 3267 686 3366 cognitione,
709 3287 850 3362 proque
863 3267 1054 3341 collocaris
1073 3279 1132 3340 tot

72 3373 261 3466 tantisque
293 3368 480 3444 beneficiis
508 3383 647 3464 gratum
680 3385 763 3462 erga
796 3365 886 3440 illud
916 3363 1132 3439 testarentur

75 3473 250 3546 animam.

524 3566 559 3655 §.
612 3558 681 3634 lv.

172 3660 327 3759 Largior
345 3659 474 3751 facile,
496 3655 677 3732 ditllsrmas
701 3652 803 3730 hasce
828 3673 934 3750 gazas
959 3654 1131 3730 inexhau·

71 3761 166 3838 lium
197 3761 269 3835 huc
295 3779 408 3853 usque
435 3751 621 3853 negotium
644 3751 849 3829 laceffivisse
881 3767 1017 3828 nature
1042 3773 1131 3827 con·

72 3861 199 3954 sultis,
228 3859 289 3934 vel
313 3851 594 3934 determinandis
614 3851 867 3944 tantummodo
885 3851 921 3925 da
939 3849 1130 4023 nominffi.

1112 3983 1129 4038 a
