2716 4748
339 189 468 274 USUS
494 183 805 294 MUSCORUM.
1027 209 1097 310 383

53 373 213 458 mulieres
244 373 385 452 rustice
419 374 465 451 ad
498 370 571 450 boc
604 367 774 452 Licinum
797 365 972 472 saxatilem
1000 375 1099 456 adhi-

53 481 146 556 bert.
194 475 288 554 Sunt
316 487 489 570 preterea
523 476 627 548 multi
660 469 841 548 Lichenes
867 473 1101 552 crustacel&

54 575 249 666 lubricati,
276 571 407 667 quibus
428 573 535 645 color
553 573 661 646 ruber
682 567 794 659 inest,
821 571 932 664 inque
956 572 1011 646 his
1037 577 1100 649 Li·

53 674 261 770 rienstygrus
284 670 417 746 merito
439 669 725 745 commendatur.
776 671 812 744 A
827 669 1021 746 Llcbrnr'las
1039 693 1100 746 au·

52 771 270 946 ffivffis’
287 789 366 866 rag.
381 767 589 864 juniperirro,
602 771 763 864 parietina
779 766 813 840 dr
828 769 973 862 vulpino,
993 771 1100 846 color
1165 817 1173 842 r

184 867 246 942 US
263 867 438 956 babenb,
463 879 594 959 preter
614 861 749 960 Byffum
767 863 954 964 Jollrlrrrm,
988 867 1099 962 unde,

53 967 131 1042 dun
150 963 322 1056 eraditur,
344 965 558 1039 colorantur
571 979 710 1038 munus.
734 961 811 1036 Pra
821 963 952 1037 ceteris
964 979 1082 1040 autem

52 1065 96 1140 ad
115 1064 330 1140 flavedincm
350 1061 613 1152 inducendam,
633 1058 773 1134 Licham
796 1061 960 1158 pustulata
986 1015 1101 1138 nostri

50 1177 199 1239 utuntur
226 1159 362 1236 rustici.
420 1157 457 1234 A
479 1161 621 1235 Lirbanr
640 1154 826 1254 pustulata,
849 1157 1103 1236 TUSCHUM

51 1259 316 1336 Attranrenturn
335 1257 530 1347 enimenin,
554 1257 744 1350 proparari
771 1257 882 1330 docet
906 1258 1104 1336 Academia

51 1357 309 1445 scientiarum
327 1370 435 1448 atque
451 1355 581 1440 exteri,
601 1367 684 1428 ante
701 1354 842 1446 aliquot
861 1373 991 1443 annor,
1005 1377 1026 1430 a
1038 1357 1103 1431 Li·
1175 1395 1180 1408 ·

51 1463 139 1532 clere
151 1455 322 1552 prunestre·
334 1455 522 1548 pulverem
538 1447 780 1541 CYPRIUM‚
792 1473 859 1544 pro
871 1451 1103 1529 dealbatione

50 1554 226 1643 crinium,
257 1551 349 1626 adeo
375 1549 601 1644 praestantem
624 1549 773 1624 formari
798 1549 1032 1646 scripserunt,
1061 1563 1104 1628 ut

50 1673 131 1726 cunr
154 1671 224 1740 eo,
251 1669 356 1743 quem
375 1650 497 1742 amylo
515 1649 708 1738 debemus,
731 1659 869 1722 certare
888 1646 1005 1743 polilt.

146 1843 347 1939 Multiplex
369 1838 407 1919 in
429 1843 616 1918 Medicina
643 1841 843 1917 muscarum
870 1841 921 1916 est
949 1843 1102 1921 utiliter.

48 1941 140 2020 Non
161 1941 321 2018 adferam
344 1943 480 2038 usnam
498 1945 602 2015 rrnnii
625 1946 773 2028 borroni,
796 1953 960 2014 veterum
991 1942 1104 2016 medi·

48 2042 167 2118 cinam
192 2041 298 2132 plane
315 2035 612 2134 superstitiosam
642 2035 754 2130 ipsum
779 2037 887 2112 etiam
915 2038 1104 2112 excludam

47 2138 299 2234 Polytrlchum
326 2155 500 2225 curteum,
531 2155 599 2210 nec
623 2135 762 2210 viribus
786 2133 964 2231 Lycoprdil
982 2139 1106 2212 rlouod

49 2235 219 2312 adversus
248 2235 439 2310 PLICAM
466 2235 675 2328 polonicam
703 2233 727 2306 s.
755 2231 1034 2326 Ecclampfiam‚
1070 2234 1106 2310 dr

51 2335 168 2408 minua
194 2347 325 2428 contra
345 2329 650 2406 DYSTOCIAM
670 2333 821 2406 multum
846 2331 984 2406 tribuo.
1034 2333 1105 2408 Po·

47 2433 210 2526 lytricho
237 2429 261 2506 s.
285 2430 449 2506 Adianto
476 2449 588 2505 aureo
619 2429 692 2506 srne
723 2429 856 2504 damno
894 2429 1017 2504 nostra
1045 2451 1106 2506 ca·

44 2543 173 2606 rerent
196 2527 522 2622 'Pharmacopolia
604 2529 727 2602 Lirlren
762 2531 1008 2624 pulmonariae,
1053 2527 1104 2604 ob

44 2629 264 2724 lignaturam
288 2641 474 2700 externam
503 2625 737 2721 pulmonibus
761 2625 934 2714 umbem,
966 2625 1004 2700 in
1027 2647 1107 2701 reru

42 2725 227 2800 medicam
247 2723 495 2816 introduiiur‚
519 2723 676 2817 pedurio
702 2721 838 2796 mederi
865 2723 1004 2798 morbis
1028 2745 1106 2798 cre·

39 2825 159 2898 ditur.
211 2817 292 2919 Ego
311 2843 403 2894 vero
428 2821 467 2896 in
491 2819 683 2895 ICTERO
701 2820 798 2894 hune
815 2819 1022 2896 adhiberem
1038 2843 1105 2916 po·

39 2923 144 3012 tius,
167 2921 230 2996 ubi
252 2922 328 2994 vim
345 2920 514 2996 eximiam
534 2913 720 2994 exseruisse
746 2930 853 2993 certa
878 2917 1015 2994 docent
1040 2922 1107 2995 ob·

37 3019 285 3096 servationes.
346 3017 536 3092 Adhibent
565 3031 684 3092 tamen
708 3017 806 3090 hune
833 3013 959 3110 sapius
982 3011 1107 3094 rustici

37 3117 90 3192 ad
130 3115 321 3288 TAESSIM
356 3115 536 3210 pecudum
568 3115 880 3191 vehementiorem
919 3135 997 3192 non
1032 3117 1107 3194 srue

35 3215 154 3292 succe
183 3235 219 3292 u.

146 3312 314 3386 Auricula
333 3385 341 3404 ,
369 3311 461 3399 ula,
477 3305 669 3386 Tremellae
683 3307 832 3404 speciae,
851 3307 1019 3386 aduersos
1029 3307 1107 3386 An·

34 3411 154 3508 ginas
188 3407 312 3484 &01²
351 3405 619 3484 THALMIAS
643 3407 832 3503 usurpatur
866 3401 1106 3502 frequentius.

33 3511 175 3587 Lr'clrrn
205 3514 337 3582 caninus
369 3519 499 3582 contra
520 3505 717 3580 RABIEM
741 3505 775 3578 dr
801 3505 1109 3600 Hydropbobiam

33 3611 89 3683 ab
113 3605 267 3702 Anglis:
299 3605 482 3697 Sloaneo‚
505 3601 678 3698 Maudio,
705 3597 857 3698 aliisque
878 3605 1029 3678 medicis
1049 3627 1110 3680 ce·

31 3703 302 3794 lebratillimir,
318 3707 368 3776 ira
382 3701 677 3792 commendatur,
701 3713 746 3776 ut
764 3719 896 3802 negare
914 3701 1108 3797 hunc'ejur

30 3803 151 3882 usum
170 3823 248 3876 non
267 3802 388 3876 auson.
424 3801 503 3877 An.
522 3799 628 3874 Lond.
648 3805 782 3874 ordeo.
802 3817 839 3896 p.
853 3821 936 3894 237.

148 3901 274 3978 Puluis
298 3895 487 3998 Arallpffrrs
506 3897 692 3976 Pharmae.
703 3897 914 3976 amorum

943 3989 1107 4090 Mida.
1196 4029 1229 4079 ἰ
