2716 4748
343 267 478 366 USUSr
502 265 808 351 MUSCORUM.
1033 295 1103 372 371

43 449 145 533 enim
180 454 228 529 iia
255 453 408 552 distrosuit
439 455 555 544 Deus,
587 469 625 528 ut
654 459 788 547 aliquem
805 450 925 546 saitem
953 457 1051 550 praefi

43 556 150 648 usum.
203 555 282 646 Syr.
303 553 426 628 XLII.
451 558 508 626 26.
561 551 692 626 Herbe
714 551 821 624 nobis
839 551 1053 626 medicinam

42 653 148 724 olera
170 651 352 743 praebent3
379 651 542 752 Arbores
570 647 686 724 statio
713 669 781 722 noa
807 650 985 722 delestant
1014 643 1104 724 mul'-

43 747 178 840 tiplici.
231 747 378 822 Muscos
396 763 514 822 autem
535 747 634 822 rudis
655 749 842 840 plebecula
861 751 1104 824 communiter

42 846 195 920 inutiles
210 843 350 939 judicat
369 861 477 938 atque
498 865 566 940 pro
587 845 709 920 noxiis
732 845 851 920 habet.
902 843 1000 918 Hinc
1020 847 1104 922 Mu-

42 943 186 1018 scorum
215 943 374 1020 indolem
400 945 434 1016 dr
458 943 555 1016 usum
583 945 693 1038 paulo
724 943 917 1028 enodatius
941 945 1103 1038 tradere,

40 1037 138 1116 haud
157 1041 311 1116 alienum
330 1041 427 1118 duxi.
481 1041 581 1145 Quid
603 1061 692 1116 vero
708 1039 955 1136 prestiterim,
982 1059 1105 1137 equor

40 1137 180 1214 Leslor
200 1139 351 1232 judicet.
1031 1147 1033 1158 ⁴

515 1283 549 1370 r.
601 1271 648 1347 u.

142 1401 440 1494 MUSCORUM
460 1407 610 1482 nomine
631 1405 771 1496 plantas
790 1399 1104 1502 Cryptogamicaa,

39 1503 210 1600 capitulo
232 1503 524 1593 membranaceo,
542 1503 683 1578 Polline
704 1503 854 1588 referto,
867 1507 1104 1600 comprehen-

40 1603 138 1676 dunt
162 1601 348 1676 Batanici:
383 1601 461 1696 Ego
482 1624 572 1676 vcro
589 1619 670 1674 cum
691 1605 802 1694 vulgo
821 1601 952 1696 Algae,
976 1617 1106 1698 utpote

41 1699 249 1788 alchena,
269 1695 538 1789 Marcianum,
553 1695 865 1796 Jungermannias,
879 1699 1005 1772 muscis
1025 1699 1107 1777 heic

42 1799 258 1871 adnumero.
309 1791 569 1872 Difficillimum
593 1800 688 1872 onim
707 1797 879 1892 agnosco,
897 1797 1105 1874 constanter

41 1893 217 1972 invenire
233 1895 366 1968 limites
387 1896 480 1968 inter
496 1894 601 1970 lllnia
621 1895 653 1965 dr
673 1891 993 1989 Jungermannias,
1010 1897 1106 1970 unde
1168 1932 1172 1941 ·
1321 1928 1327 1937 ·

44 1995 158 2164 edim
187 1991 365 2164 s{illarius
392 1994 562 2088 plurimas
593 1989 703 2088 Algas
736 1991 878 2065 familiar
903 1992 1107 2103 pruscorum

44 2111 66 2166 a
105 2113 238 2184 cripi.

145 2205 263 2282 Musei
294 2201 464 2298 perpauci
490 2201 534 2278 ad
564 2199 673 2278 finem
702 2223 816 2294 usque
847 2201 955 2278 seculi
980 2207 1104 2300 proxi·

46 2321 106 2378 me
142 2303 360 2397 praterlapsr
394 2315 497 2388 erant
532 2301 689 2398 cogniti.
753 2297 959 2376 Evolvatur
991 2295 1104 2384 einai

53 2399 143 2498 Casp
164 2403 326 2484 daubins,
352 2421 445 2492 opus
472 2399 507 2474 in
536 2399 675 2494 epocha
701 2397 932 2472 fundatorum
961 2392 1105 2477 botani-

51 2517 112 2572 cea
138 2495 449 2586 absolutisslmun,
485 2497 545 2570 uni
581 2511 698 2573 tamen
727 2497 787 2570 vix
814 2495 877 2568 XL
905 2515 1105 2576 occurrunt

42 2595 180 2686 musci,
203 2594 302 2688 iique
326 2595 475 2668 obscure
502 2593 582 2668 latis
602 2593 781 2690 descripti.
834 2589 943 2690 Angli
966 2613 1102 2690 autem,

45 2691 237 2788 milcini,
267 2695 417 2780 Mertai,
441 2687 582 2786 Limyri,
609 2685 774 2778 Dordlus,
798 2691 935 2790 Verania,
952 2691 1101 2786 Perierat,

37 2791 266 2877 Barbarum,
309 2793 488 2884 dedicius,
530 2788 746 2878 arctarant,
779 2787 938 2875 Slcrard,
969 2789 1102 2879 Dubris

35 2893 132 2978 arc„
152 2891 248 2962 circa
266 2887 374 2962 linem
394 2887 629 2982 precedentis
652 2873 769 2960 Secull
795 2885 944 2960 tircoriae
965 2887 1102 2988 musco-

40 3009 125 3062 rnm
150 2983 383 3062 fundamenta
408 2985 614 3080 pofircrunt.
667 2983 765 3058 Huic
797 3001 916 3060 autem
947 2981 1102 3060 aedilicio

41 3081 267 3160 exstruendo
295 3081 476 3182 ¹‘Jolranneru
506 3073 1103 3180 Jac.D1tLEN1Utl,llallum,

40 3185 120 3260 fata
142 3181 368 3259 scientiarum
388 3177 631 3272 destinarunt,
657 3175 716 3274 qui
737 3176 886 3272 Historia
908 3177 966 3252 sua
983 3170 1103 3278 musco-

41 3306 122 3356 rum
147 3279 352 3356 immortale
379 3278 441 3356 nbi
469 3298 602 3352 nomen
629 3277 780 3374 peperit.
833 3265 874 3352 ln
907 3277 973 3352 hac
1007 3279 1105 3354 enim

41 3397 239 3455 numerum
270 3399 396 3452 eorum
429 3377 471 3450 ad
497 3369 631 3472 species
658 3375 759 3470 supra
781 3381 853 3450 600
879 3375 1001 3466 auxit,
1028 3397 1105 3478 cao

41 3501 118 3572 que
156 3495 276 3568 penna
315 3471 374 3550 sua
420 3471 678 3550 adcuratillime
717 3468 976 3566 descripsit&
1002 3465 1105 3563 ⁸deli·

41 3575 200 3662 neavit,
231 3571 431 3668 stannoque
462 3573 535 3666 ipsc
566 3565 657 3646 adeo
689 3571 872 3674 concinne
898 3568 1104 3664 exsculpsit,

42 3691 86 3748 ut
111 3693 226 3766 nemo
251 3673 390 3748 melius.
440 3667 596 3766 Redegit
618 3689 683 3742 ens
705 3681 877 3766 preterea
898 3661 934 3742 in
952 3667 1106 3744 sormam

41 3769 336 3866 systematicam,
364 3765 538 3844 distinctis
558 3761 726 3862 generibus
755 3765 788 3839 dt
813 3759 1006 3860 differentiir'
1032 3766 1106 3862 spe·

33 3869 184 3954 cilicis,
202 3865 333 3941 additis
340 3867 544 3963 synonymis,
562 3859 787 3957 aliorumque
807 3864 1020 3958 scriptorum
1041 3865 1106 3936 ob·

36 3963 473 4062 servationibnapntatu
490 3961 628 4135 dignita,
650 3979 694 4062 ‚ut
717 3985 762 4064 cx
786 3961 914 4065 muscis
937 3965 1008 4075 jam
1034 3983 1106 4034 ma·

526 4075 550 4088 ''
596 4075 679 4136 'aa
970 4071 1108 4134 xlmam
