2724 4746
273 153 318 212 π
535 127 747 206 HORTUS.
779 122 1062 206 CULINARIS.

447 305 529 382 etdo
549 306 728 381 FOSSOS
746 327 849 398 apros
870 321 998 378 ornare
1021 300 1155 374 solent:

367 417 618 492 HUMULUS
637 419 789 510 Lupulur
807 411 1008 511 (Hurulrle).
1037 412 1210 486 Taurica
1233 413 1343 503 plan:

271 517 529 610 raperemur,
553 537 656 608 quam
682 514 808 592 seculis
835 511 1031 588 novillimls
1055 511 1229 586 adhibere
1251 511 1343 600 lric¹

274 613 539 706 &diligentins
562 614 683 688 colore
711 627 866 700 creptum
888 609 950 684 est.
1003 609 1239 684 Recentioris
1265 607 1343 680 aevi

272 713 415 785 solertia
433 711 569 783 radices
591 713 667 800 ejus
689 708 999 802 imminuerent,
1027 721 1067 783 ut
1084 708 1127 781 lic
1143 721 1219 781 tum
1244 707 1343 774 Pna-

273 811 364 884 laena
385 810 529 880 llumuli
551 807 751 882 &melleus
775 829 836 879 ros
857 806 1113 900 prohibeatur,
1141 821 1216 876 tum
1243 804 1343 872 alio-

276 906 363 998 quin
396 909 523 996 plante
551 907 670 998 uigori
701 906 915 980 consulatur.
943 907 1086 1004 ¹Quem
1113 901 1256 974 radices
1284 913 1343 969 ter

276 1005 381 1098 gendi
410 1025 545 1075 morem
576 1003 681 1092 ipdus
706 1018 839 1076 naturae
867 1001 935 1073 ell'e
958 1016 1245 1090 congruentem,
1290 1017 1343 1073 ex

275 1101 448 1184 hermulo,
475 1101 541 1192 qui,
564 1100 599 1174 in
618 1099 889 1190 Westrogothia
916 1097 1141 1172 solummodo
1168 1099 1210 1170 ud
1241 1094 1343 1168 radi·

276 1219 337 1270 ees
368 1200 533 1290 rupium,
566 1198 794 1292 lapidumque
824 1196 991 1272 trasturas
1023 1193 1157 1290 sponte
1180 1193 1343 1278 crescit,

278 1295 410 1372 hauriri
429 1295 525 1384 polle
547 1295 701 1373 videtur.
803 1303 809 1314 '

373 1413 670 1491 NlCOTlANA
710 1415 868 1488 Tubertum
892 1409 1073 1506 (Tolnl),
1111 1434 1187 1512 que
1221 1409 1344 1482 hodie

278 1511 346 1585 hac
372 1513 515 1584 ratione
541 1513 612 1584 coli
636 1511 762 1604 erepit:
799 1509 994 1604 petiolum
1021 1511 1154 1604 pingue
1176 1509 1341 1596 semina,

279 1607 447 1682 nascente
476 1611 572 1680 ueris
592 1609 824 1702 tempestate,
849 1605 1079 1702 sparguntur,
1107 1607 1139 1678 dr
1165 1603 1340 1684 fenestris

279 1719 341 1777 eut
356 1706 482 1780 vitreis
503 1725 563 1780 aut
580 1707 798 1796 chartaceis,
829 1708 913 1777 oleo
929 1707 1118 1799 delibutis,
1147 1697 1337 1796 tepuutur.

279 1800 430 1895 Frigore
450 1803 533 1876 dein
555 1803 735 1879 nodurno
761 1805 971 1896 praeteritO,
1002 1803 1037 1874 in
1064 1804 1155 1876 areis
1179 1801 1338 1874 elevatis

280 1899 424 1971 &bene
447 1899 651 1974 stercoratis
678 1900 915 1993 disponuntur
938 1901 1079 1996 plantae.
1133 1901 1223 2004 Quae
1246 1897 1337 1970 dum

280 1995 340 2070 hic
364 2000 544 2089 paululum
573 1999 778 2088 creverint,
806 1999 997 2072 humantur
1023 1997 1161 2070 radices
1185 1995 1217 2068 dt
1241 1996 1337 2086 saepe

278 2095 450 2187 rigantur.
501 2099 621 2198 Quum
639 2099 733 2170 enim
768 2095 885 2170 delata
907 2117 953 2172 err
976 2095 1078 2168 India
1100 2092 1334 2168 occidentali

279 2193 403 2286 planta
434 2193 508 2264 hrec
538 2194 598 2282 fit,
634 2215 711 2266 non
743 2195 893 2284 mirum,
933 2195 1028 2286 quod
1055 2193 1201 2292 frigoris
1227 2192 1333 2268 nullo

280 2309 356 2362 non
377 2303 539 2380 tempore
556 2288 598 2362 fit
616 2289 819 2382 impatiens.
982 2315 983 2326 ¹

379 2402 574 2476 CROCUS
592 2408 725 2498 ¹furious
756 2402 959 2501 (Saffum),
994 2408 1097 2499 cujus
1121 2409 1250 2500 duplex
1279 2401 1332 2477 est

281 2500 457 2574 varietas:
486 2515 615 2596 nempe
630 2510 851 2593 audmmralir,
865 2526 941 2597 quae
960 2506 996 2580 in
1014 2507 1162 2598 Europa
1176 2505 1330 2580 maxime

282 2596 582 2690 deprehenditur,
608 2601 818 2689 overrun,
841 2602 901 2694 qui
926 2603 977 2674 illi
1003 2603 1144 2697 praestat
1171 2601 1329 2690 virtute,

282 2693 340 2770 seu
360 2697 539 2786 parvitate
554 2696 675 2790 pistilli
695 2699 888 2794 colligendi
905 2700 1187 2792 postponendus.
1239 2697 1329 2770 Cro·

284 2815 366 2868 cum
389 2792 506 2881 hunc,
538 2796 633 2885 quod
656 2797 790 2880 mirari,
805 2797 885 2870 sane
916 2797 1115 2885 convenit,
1145 2801 1182 2872 in
1202 2795 1329 2870 Specta

286 2893 407 2966 colere
433 2891 591 2962 nondum
612 2893 793 2986 inceptum
812 2893 882 2986 est,
910 2894 933 2966 sr
957 2895 1096 2986 quidem
1118 2895 1242 2967 hortos
1266 2917 1327 2966 cu-

285 2988 460 3063 riosorum
491 2987 696 3082 ex‘ceperis‚
738 2991 798 3061 nbi
832 2994 880 3062 ob
911 2991 1037 3064 florem
1072 2993 1255 3064 venustum
1283 3013 1327 3062 ne

284 3085 535 3178 tempestivum
553 3087 808 3175 conservatur,
841 3109 920 3160 cum
941 3101 1059 3162 tomen
1085 3090 1121 3162 in
1138 3091 1326 3164 marimum

284 3185 421 3256 lucrum
448 3184 483 3256 in
503 3183 701 3268 Oolandia,
730 3184 973 3276 Gothlandia,
1001 3185 1177 3261 Skanoerae
1197 3185 1325 3260 &alibi

284 3283 408 3378 vigere
429 3282 587 3375 perbelle
606 3279 732 3374 pollet.

498 3529 506 3540 .
550 3455 731 3531 CAPUT
755 3459 1071 3534 SECUNDUM.

626 3573 981 3652 PLANTARIUM.

380 3687 618 3764 Conferendae
647 3692 691 3764 ad
719 3691 839 3764 cibum
870 3693 1222 3784 &condimentum
1259 3696 1325 3770 ille

281 3789 399 3866 herbe
420 3787 492 3862 hoc
512 3791 631 3886 capite
657 3791 914 3882 continentur,
942 3811 1029 3886 quas
1053 3793 1228 3869 culinares
1249 3793 1323 3869 vul-

1271 3911 1318 3988 gl)
