2716 4748
295 251 381 355 '324
576 245 742 368 ‚srnun
774 215 1087 358 tacentum.

299 435 386 530 stris
395 484 408 520 ,
433 428 643 506 Pandora&
664 429 877 503 Salamnndra
894 427 1028 523 digitos
1041 429 1174 504 babent
1193 427 1339 500 mutiens

308 529 468 605 Accedit
491 540 568 600 vox
590 527 754 610 animalis
779 525 909 616 huius,
934 547 1011 618 quae
1033 529 1140 602 larva:
1158 539 1339 618 competere

308 645 388 704 non
411 623 570 698 videtur.
625 623 801 726 Quaruor
824 624 861 696 in
892 626 1058 700 manibus
1080 623 1204 718 digiti,
1233 624 1339 694 anu-nai

231 800 237 814 ,
308 726 383 802 hoe
397 724 535 797 larvam
552 731 709 818 cognitae
723 721 875 813 aiiquus'
888 721 1049 794 Lacertae
1067 743 1141 795 non
1161 718 1226 794 esse
1246 719 1339 792 osten·

309 823 421 916 dunt,
448 820 580 895 nedum
605 819 771 914 lguanae,
796 840 873 912 quae
898 821 1056 912 quinque
1080 821 1116 896 in
1136 819 1278 912 pedibus
1296 841 1339 888 an·

296 917 508 1014 ,terioribus
528 918 637 992 habet
656 916 803 1013 digitos.
835 990 837 996 ,
856 915 952 990 Fieri
979 917 1074 992 enim
1103 939 1178 992 non
1197 915 1285 1010 porse
1303 916 1339 983 ri·

310 1017 437 1106 detur,
460 1031 502 1089 ut
526 1027 683 1108 quatuor
700 1018 737 1088 in
754 1015 854 1088 larva
873 1015 1002 1108 digiti,
1027 1017 1066 1090 in
1089 1013 1231 1090 animali
1249 1015 1339 1084 decia·

309 1130 392 1191 rato
422 1113 582 1208 quinque
609 1111 779 1188 efficiant.
832 1111 1074 1188 Multiformis
1096 1128 1216 1187 tamen
1241 1126 1339 1186 naum

299 1212 385 1306 est,
412 1211 472 1287 cui
489 1214 588 1310 leges
609 1207 737 1286 frustra
757 1207 947 1302 scripseris.

298 1327 303 1340 ’
690 1305 997 1384 CONCLUSIO.
1264 1379 1268 1390 ,

298 1409 300 1416 ‘
408 1405 580 1482 Nostram
602 1405 673 1498 iam
695 1403 740 1478 de
757 1406 901 1480 animali
920 1407 992 1479 hoc
1010 1426 1114 1480 novo
1134 1401 1167 1477 dr
1188 1401 1339 1496 scriptori-

295 1509 378 1598 ,bus
395 1503 525 1602 ignoto
543 1503 777 1594 sententiam,
802 1505 1018 1600 generisque
1038 1503 1082 1576 ad
1105 1504 1207 1596 quod
1224 1501 1339 1595 speum

310 1604 652 1680 determinationem
676 1602 856 1702 exspeiiat
877 1598 1028 1674 fortaffis
1042 1601 1177 1674 Leuor
1196 1598 1338 1675 curiosus

298 1700 380 1786 ,Sed
397 1701 553 1776 intanta
573 1713 709 1774 naturae
726 1699 903 1772 varietate
926 1697 989 1772 vix
1009 1699 1202 1792 quidquam
1220 1695 1339 1792 aprini

311 1794 548 1874 demonstrari
574 1795 717 1893 potest,
744 1790 809 1870 nisr
833 1796 871 1870 in
899 1797 968 1870 illis
993 1795 1109 1886 locis,
1137 1799 1205 1872 ubi
1233 1796 1339 1866 Canna

310 1895 463 1972 Nature
482 1894 566 1982 ¹n'on
592 1894 904 1995 interruptaserie
928 1895 1098 1968 conarer.
1150 1895 1209 1970 Ex
1231 1894 1279 1968 his
1297 1889 1339 1984 igi

214 2045 215 2050 Ν
310 2007 371 2075 tur
390 1993 552 2082 duobus,
575 1994 725 2066 alterum
751 1991 822 2066 erit
842 1989 1087 2066 statuendum:
1114 1995 1286 2066 autenm
1307 1986 1339 2058 est

300 2090 498 2186 ¹cujusdam
516 2089 679 2166 Lacertae
702 2089 837 2180 Larua,
862 2103 925 2164 aut
950 2090 1147 2166 aruinum
1183 2085 1339 2165 constitnit

298 2189 490 2296 [Speciem.
518 2179 1339 2292 Quominirsautem,s1neobservatipnibusspe·

312 2289 539 2376 cialioribus,
550 2287 704 2360 Larvam
719 2285 811 2360 hanc
829 2285 898 2359 esse
913 2287 1072 2360 Lacertae
1086 2288 1280 2374 credamus,
1295 2285 1339 2352 ni·

311 2385 408 2459 stant
429 2405 523 2456 1:m0
536 2386 637 2456 Pedes
656 2383 859 2458 anteriores
876 2385 934 2457 seu
949 2405 1075 2458 manus
1093 2387 1186 2474 due,
1198 2407 1267 2459 non
1281 2401 1339 2472 qur·

280 2577 283 2586 ι
312 2497 420 2567 tuor3
445 2501 506 2554 210
531 2481 663 2574 Ungues
681 2480 892 2575 digitorum,
916 2485 951 2556 in
971 2483 1081 2556 larvis
1101 2483 1260 2556 Lacerta
1276 2501 1339 2551 nun«

311 2599 418 2672 quam
436 2577 631 2654 observati.
672 2599 732 2672 3:o
748 2579 913 2653 nenena
924 2580 1162 2654 Pulmonibus
1182 2577 1339 2670 adjuntin

272 2741 278 2750 .
312 2676 443 2770 quibus
468 2677 591 2750 itidem
619 2697 742 2750 carere
762 2673 878 2751 solent
895 2679 1005 2750 iarvae
1030 2679 1280 2760 Lucertnrnm,
1299 2693 1339 2758 azo

313 2777 420 2850 Sonus
450 2773 590 2848 vocaris
616 2774 717 2862 avis,
745 2795 827 2847 curu
851 2775 952 2848 larva
987 2793 1084 2848 muta
1109 2775 1246 2868 semper
1269 2775 1339 2845 sone

312 2872 437 2949 suerit.
467 2893 531 2962 5²0
551 2873 665 2965 Digiti
680 2886 856 2978 quatuog,
875 2888 1039 2948 utantea
1061 2875 1238 2962 diximus,
1257 2873 1285 2944 in
1298 2887 1339 2958 pt·

312 2969 439 3059 dnus,
465 2991 540 3043 non
560 2970 720 3062 quinque
741 2983 783 3044 ut
801 2969 838 3043 in
862 2973 1030 3044 omnibns
1050 2974 1218 3060 lacertis,
1240 2979 1339 3066 pratu

307 3065 502 3168 Lacerram
518 3068 725 3162 vulgarem,
746 3067 791 3140 ad
810 3089 913 3162 quam
932 3069 1057 3154 referri
1076 3071 1223 3144 minime
1238 3060 1339 3161 pons⁴

312 3167 374 3240 σεο
398 3163 621 3239 Mandibulae
648 3165 825 3252 dentatae,
851 3189 927 3259 quae
951 3169 987 3240 in
1013 3168 1145 3254 larvis,
1172 3191 1254 3261 quas
1272 3159 1339 3232 ridi·

310 3284 416 3352 mus,
436 3263 582 3336 muticae
613 3261 728 3339 fuere.
787 3261 980 3355 Suspensus
1010 3279 1130 3339 autem
1166 3288 1232 3341 nos
1263 3269 1339 3330 tenet

309 3362 421 3455 uiscus
442 3359 535 3447 istud
562 3360 756 3455 fingulare,
783 3361 883 3452 quod
910 3363 1002 3436 intra
1026 3387 1132 3437 anum
1161 3357 1339 3436 observarit

310 3457 360 3531 D.
377 3458 535 3534 Garden.
571 3458 802 3530 Lacertarum
821 3457 947 3532 Laruae
966 3461 1131 3535 summam
1150 3463 1278 3534 habent
1291 3449 1339 3522 aii<

302 3554 463 3656 ¹nitatem
479 3551 695 3628 cumnustra
709 3555 849 3645 Sirene,
867 3557 899 3628 ἂ
917 3559 1090 3650 imprimis
1102 3553 1280 3632 Brauciriis
1298 3549 1339 3619 ni·

310 3651 379 3724 bus
396 3652 472 3724 istis
489 3652 648 3726 exsertis.
702 3655 810 3725 Anne
829 3656 971 3747 itaque,
991 3669 1029 3728 ut
1046 3657 1081 3730 in
1097 3657 1239 3730 Genese
1256 3643 1339 3723 Cimi·

309 3746 379 3836 cis,
391 3750 597 3823 Lenutartus
611 3771 802 3844 numquam
818 3753 911 3844 apud
931 3776 998 3825 nos
1014 3753 1213 3832 declaratur
1227 3749 1262 3822 in
1274 3743 1339 3820 Ari

309 3848 381 3920 mal
398 3847 552 3919 volatile
572 3850 718 3936 alatum,
738 3847 796 3922 sed
814 3849 950 3942 semper
967 3873 1062 3947 pupa
1083 3851 1242 3945 persrsiit,
1261 3849 1302 3917 ita
1322 3839 1339 3908 d

298 3944 348 4020 'in
365 3943 529 4020 Lacertis
545 3943 648 4020 Siren
664 3945 836 4022 existeret
852 3966 927 4024 non
944 3947 1156 4026 declaranda
1170 3941 1339 4096 speciosa*

1316 4085 1326 4104 ,
1337 4053 1339 4100 i
