<?xml version="1.0" encoding="UTF-8"?>
<!DOCTYPE html PUBLIC "-//W3C//DTD XHTML 1.0 Transitional//EN"
    "http://www.w3.org/TR/xhtml1/DTD/xhtml1-transitional.dtd">
<html xmlns="http://www.w3.org/1999/xhtml" xml:lang="en" lang="en">
 <head>
  <title>
</title>
<meta http-equiv="Content-Type" content="text/html;charset=utf-8" />
  <meta name='ocr-system' content='tesseract 3.04.00' />
  <meta name='ocr-capabilities' content='ocr_page ocr_carea ocr_par ocr_line ocrx_word'/>
</head>
<body>
  <div class='ocr_page' id='page_1' title='image "./carolialinnequi03schrgoog_0401.png"; bbox 0 0 2716 4748; ppageno 0'>
   <div class='ocr_carea' id='block_1_1' title="bbox 350 155 366 188">
    <p class='ocr_par' dir='ltr' id='par_1_1' title="bbox 350 155 366 188">
     <span class='ocr_line' id='line_1_1' title="bbox 350 155 366 188; baseline 0 0"><span class='ocrx_word' id='word_1_1' title='bbox 350 155 366 188; x_wconf 66' lang='grc' dir='ltr'><strong>θ</strong></span> 
     </span>
    </p>
   </div>
   <div class='ocr_carea' id='block_1_2' title="bbox 259 257 1062 360">
    <p class='ocr_par' dir='ltr' id='par_1_2' title="bbox 259 257 1062 360">
     <span class='ocr_line' id='line_1_2' title="bbox 259 257 1062 360; baseline -0.002 -18"><span class='ocrx_word' id='word_1_2' title='bbox 259 288 334 360; x_wconf 91' lang='lat'>404</span> <span class='ocrx_word' id='word_1_3' title='bbox 508 257 733 336; x_wconf 86' lang='lat' dir='ltr'><strong>MUNDUS</strong></span> <span class='ocrx_word' id='word_1_4' title='bbox 766 257 1062 340; x_wconf 85' lang='lat' dir='ltr'><strong>INVISIBILIS.</strong></span> 
     </span>
    </p>
   </div>
   <div class='ocr_carea' id='block_1_3' title="bbox 242 437 1356 4154">
    <p class='ocr_par' dir='ltr' id='par_1_3' title="bbox 242 437 1356 4154">
     <span class='ocr_line' id='line_1_3' title="bbox 259 437 1296 534; baseline -0.004 -18"><span class='ocrx_word' id='word_1_5' title='bbox 259 441 384 518; x_wconf 87' lang='lat' dir='ltr'>omnia</span> <span class='ocrx_word' id='word_1_6' title='bbox 400 438 465 516; x_wconf 88' lang='lat' dir='ltr'>ista</span> <span class='ocrx_word' id='word_1_7' title='bbox 482 441 697 516; x_wconf 81' lang='lat' dir='ltr'>animalcula</span> <span class='ocrx_word' id='word_1_8' title='bbox 714 439 886 530; x_wconf 78' lang='lat' dir='ltr'>inlusoria</span> <span class='ocrx_word' id='word_1_9' title='bbox 903 437 940 514; x_wconf 90' lang='lat' dir='ltr'>in</span> <span class='ocrx_word' id='word_1_10' title='bbox 959 461 1049 534; x_wconf 87' lang='lat' dir='ltr'>aqua</span> <span class='ocrx_word' id='word_1_11' title='bbox 1068 439 1259 528; x_wconf 84' lang='lat' dir='ltr'>conmuni,</span> <span class='ocrx_word' id='word_1_12' title='bbox 1277 461 1296 512; x_wconf 88' lang='lat' dir='ltr'>e</span> 
     </span>
     <span class='ocr_line' id='line_1_4' title="bbox 259 537 1295 641; baseline -0.006 -25"><span class='ocrx_word' id='word_1_13' title='bbox 259 540 454 616; x_wconf 86' lang='lat' dir='ltr'>seminibus</span> <span class='ocrx_word' id='word_1_14' title='bbox 464 541 645 629; x_wconf 79' lang='lat' dir='ltr'>Maeotis,</span> <span class='ocrx_word' id='word_1_15' title='bbox 657 561 734 633; x_wconf 83' lang='lat' dir='ltr'>quae</span> <span class='ocrx_word' id='word_1_16' title='bbox 750 537 882 641; x_wconf 82' lang='lat' dir='ltr'>ubique</span> <span class='ocrx_word' id='word_1_17' title='bbox 898 561 979 612; x_wconf 90' lang='lat' dir='ltr'>cum</span> <span class='ocrx_word' id='word_1_18' title='bbox 998 544 1078 612; x_wconf 74' lang='lat' dir='ltr'>aire</span> <span class='ocrx_word' id='word_1_19' title='bbox 1093 537 1295 620; x_wconf 74' lang='lat' dir='ltr'>obvolitant,</span> 
     </span>
     <span class='ocr_line' id='line_1_5' title="bbox 260 634 1297 729; baseline -0.008 -15"><span class='ocrx_word' id='word_1_20' title='bbox 260 637 482 714; x_wconf 74' lang='lat' dir='ltr'>disseminata</span> <span class='ocrx_word' id='word_1_21' title='bbox 509 635 962 729; x_wconf 86' lang='lat' dir='ltr'>fuere‚‘quemadmodum</span> <span class='ocrx_word' id='word_1_22' title='bbox 996 639 1033 710; x_wconf 93' lang='lat' dir='ltr'>in</span> <span class='ocrx_word' id='word_1_23' title='bbox 1058 637 1169 726; x_wconf 87' lang='lat' dir='ltr'>Pane,</span> <span class='ocrx_word' id='word_1_24' title='bbox 1193 634 1297 706; x_wconf 88' lang='lat' dir='ltr'>Carne</span> 
     </span>
     <span class='ocr_line' id='line_1_6' title="bbox 262 731 1257 827; baseline -0.006 -15"><span class='ocrx_word' id='word_1_25' title='bbox 262 737 413 827; x_wconf 87' lang='lat' dir='ltr'>aliisque</span> <span class='ocrx_word' id='word_1_26' title='bbox 434 736 603 821; x_wconf 85' lang='lat' dir='ltr'>cibariis,</span> <span class='ocrx_word' id='word_1_27' title='bbox 628 735 690 806; x_wconf 91' lang='lat' dir='ltr'>ubi</span> <span class='ocrx_word' id='word_1_28' title='bbox 713 732 878 824; x_wconf 86' lang='lat' dir='ltr'>quotidie</span> <span class='ocrx_word' id='word_1_29' title='bbox 898 737 1034 809; x_wconf 90' lang='lat' dir='ltr'>Mutor</span> <span class='ocrx_word' id='word_1_30' title='bbox 1054 731 1257 808; x_wconf 70' lang='lat' dir='ltr'>efflorescit?</span> 
     </span>
     <span class='ocr_line' id='line_1_7' title="bbox 349 829 1297 924; baseline -0.004 -18"><span class='ocrx_word' id='word_1_31' title='bbox 349 833 439 906; x_wconf 85' lang='lat' dir='ltr'>Haec</span> <span class='ocrx_word' id='word_1_32' title='bbox 465 855 555 906; x_wconf 90' lang='lat' dir='ltr'>vero</span> <span class='ocrx_word' id='word_1_33' title='bbox 584 831 765 906; x_wconf 77' lang='lat' dir='ltr'><strong>Animalia</strong></span> <span class='ocrx_word' id='word_1_34' title='bbox 795 829 988 924; x_wconf 89' lang='lat' dir='ltr'>aliquando</span> <span class='ocrx_word' id='word_1_35' title='bbox 1024 848 1156 906; x_wconf 80' lang='lat' dir='ltr'>natura</span> <span class='ocrx_word' id='word_1_36' title='bbox 1184 829 1297 902; x_wconf 88' lang='lat' dir='ltr'>scruta·</span> 
     </span>
     <span class='ocr_line' id='line_1_8' title="bbox 261 927 1297 1025; baseline -0.006 -19"><span class='ocrx_word' id='word_1_37' title='bbox 261 948 363 1006; x_wconf 88' lang='lat' dir='ltr'>tores</span> <span class='ocrx_word' id='word_1_38' title='bbox 396 931 439 1003; x_wconf 93' lang='lat' dir='ltr'>ad</span> <span class='ocrx_word' id='word_1_39' title='bbox 472 930 688 1025; x_wconf 85' lang='lat' dir='ltr'>principium</span> <span class='ocrx_word' id='word_1_40' title='bbox 724 929 878 1002; x_wconf 87' lang='lat' dir='ltr'>animale</span> <span class='ocrx_word' id='word_1_41' title='bbox 907 929 945 1003; x_wconf 92' lang='lat' dir='ltr'>in</span> <span class='ocrx_word' id='word_1_42' title='bbox 971 929 1181 1004; x_wconf 82' lang='lat' dir='ltr'>animalibus</span> <span class='ocrx_word' id='word_1_43' title='bbox 1206 927 1297 1000; x_wconf 86' lang='lat' dir='ltr'>dedu.</span> 
     </span>
     <span class='ocr_line' id='line_1_9' title="bbox 262 1027 1298 1122; baseline -0.01 -16"><span class='ocrx_word' id='word_1_44' title='bbox 262 1043 369 1119; x_wconf 85' lang='lat' dir='ltr'>cent,</span> <span class='ocrx_word' id='word_1_45' title='bbox 395 1027 479 1121; x_wconf 90' lang='lat' dir='ltr'>quia</span> <span class='ocrx_word' id='word_1_46' title='bbox 500 1029 581 1102; x_wconf 88' lang='lat' dir='ltr'>heic</span> <span class='ocrx_word' id='word_1_47' title='bbox 604 1027 763 1120; x_wconf 85' lang='lat' dir='ltr'><strong>conspici</strong></span> <span class='ocrx_word' id='word_1_48' title='bbox 790 1027 961 1102; x_wconf 85' lang='lat' dir='ltr'>videntur</span> <span class='ocrx_word' id='word_1_49' title='bbox 985 1029 1108 1122; x_wconf 88' lang='lat' dir='ltr'>primae</span> <span class='ocrx_word' id='word_1_50' title='bbox 1133 1027 1298 1100; x_wconf 86' lang='lat' dir='ltr'>moleculae</span> 
     </span>
     <span class='ocr_line' id='line_1_10' title="bbox 263 1123 1298 1224; baseline -0.008 -22"><span class='ocrx_word' id='word_1_51' title='bbox 263 1127 440 1202; x_wconf 75' lang='lat' dir='ltr'>animata.</span> <span class='ocrx_word' id='word_1_52' title='bbox 494 1125 584 1200; x_wconf 88' lang='lat' dir='ltr'>Cum</span> <span class='ocrx_word' id='word_1_53' title='bbox 603 1126 772 1198; x_wconf 77' lang='lat' dir='ltr'><em>Animalia</em></span> <span class='ocrx_word' id='word_1_54' title='bbox 791 1123 949 1224; x_wconf 82' lang='lat' dir='ltr'>infusoria</span> <span class='ocrx_word' id='word_1_55' title='bbox 970 1146 1166 1216; x_wconf 89' lang='lat' dir='ltr'>eorumque</span> <span class='ocrx_word' id='word_1_56' title='bbox 1183 1123 1298 1216; x_wconf 78' lang='lat' dir='ltr'>species</span> 
     </span>
     <span class='ocr_line' id='line_1_11' title="bbox 264 1221 1356 1318; baseline -0.009 -18"><span class='ocrx_word' id='word_1_57' title='bbox 264 1224 469 1300; x_wconf 83' lang='lat' dir='ltr'>adcuratius</span> <span class='ocrx_word' id='word_1_58' title='bbox 496 1224 568 1318; x_wconf 83' lang='lat' dir='ltr'>jaan</span> <span class='ocrx_word' id='word_1_59' title='bbox 601 1223 832 1297; x_wconf 75' lang='lat' dir='ltr'>consideratae</span> <span class='ocrx_word' id='word_1_60' title='bbox 864 1223 1022 1309; x_wconf 82' lang='lat' dir='ltr'>fuerint,</span> <span class='ocrx_word' id='word_1_61' title='bbox 1059 1221 1206 1296; x_wconf 78' lang='lat' dir='ltr'>infinitae</span> <span class='ocrx_word' id='word_1_62' title='bbox 1233 1221 1299 1292; x_wconf 88' lang='lat' dir='ltr'>inde</span> <span class='ocrx_word' id='word_1_63' title='bbox 1355 1269 1356 1278; x_wconf 20' lang='grc' dir='ltr'><strong>κ</strong></span> 
     </span>
     <span class='ocr_line' id='line_1_12' title="bbox 263 1317 1356 1414; baseline -0.009 -14"><span class='ocrx_word' id='word_1_64' title='bbox 263 1323 348 1400; x_wconf 89' lang='lat' dir='ltr'>duci</span> <span class='ocrx_word' id='word_1_65' title='bbox 378 1322 549 1396; x_wconf 90' lang='lat' dir='ltr'>videntur</span> <span class='ocrx_word' id='word_1_66' title='bbox 577 1321 849 1405; x_wconf 79' lang='lat' dir='ltr'>conclufiones,</span> <span class='ocrx_word' id='word_1_67' title='bbox 876 1343 953 1414; x_wconf 85' lang='lat' dir='ltr'>quae</span> <span class='ocrx_word' id='word_1_68' title='bbox 980 1320 1096 1394; x_wconf 86' lang='lat' dir='ltr'>adhuc</span> <span class='ocrx_word' id='word_1_69' title='bbox 1119 1317 1300 1393; x_wconf 81' lang='lat' dir='ltr'>craffiffims</span> <span class='ocrx_word' id='word_1_70' title='bbox 1355 1317 1356 1330; x_wconf 75' lang='grc'>’</span> 
     </span>
     <span class='ocr_line' id='line_1_13' title="bbox 263 1417 1298 1515; baseline -0.01 -19"><span class='ocrx_word' id='word_1_71' title='bbox 263 1421 409 1515; x_wconf 83' lang='lat' dir='ltr'>sepultae</span> <span class='ocrx_word' id='word_1_72' title='bbox 432 1423 553 1510; x_wconf 89' lang='lat' dir='ltr'>jacent</span> <span class='ocrx_word' id='word_1_73' title='bbox 571 1419 742 1492; x_wconf 89' lang='lat' dir='ltr'>tenebris.</span> <span class='ocrx_word' id='word_1_74' title='bbox 795 1417 893 1492; x_wconf 89' lang='lat' dir='ltr'>Hinc</span> <span class='ocrx_word' id='word_1_75' title='bbox 918 1419 961 1491; x_wconf 89' lang='lat' dir='ltr'>ad</span> <span class='ocrx_word' id='word_1_76' title='bbox 985 1417 1210 1492; x_wconf 90' lang='lat' dir='ltr'>substantiam</span> <span class='ocrx_word' id='word_1_77' title='bbox 1225 1422 1298 1514; x_wconf 73' lang='lat' dir='ltr'>plur</span> 
     </span>
     <span class='ocr_line' id='line_1_14' title="bbox 264 1513 1305 1602; baseline -0.009 -7"><span class='ocrx_word' id='word_1_78' title='bbox 264 1534 373 1594; x_wconf 82' lang='lat' dir='ltr'>torum</span> <span class='ocrx_word' id='word_1_79' title='bbox 404 1515 773 1589; x_wconf 86' lang='lat' dir='ltr'>MEDULLAREM</span> <span class='ocrx_word' id='word_1_80' title='bbox 798 1516 1010 1590; x_wconf 80' lang='lat' dir='ltr'>deducimur</span> <span class='ocrx_word' id='word_1_81' title='bbox 1031 1513 1305 1602; x_wconf 77' lang='lat' dir='ltr'>examinandam,¹</span> 
     </span>
     <span class='ocr_line' id='line_1_15' title="bbox 264 1613 1300 1707; baseline -0.007 -18"><span class='ocrx_word' id='word_1_82' title='bbox 264 1629 386 1690; x_wconf 88' lang='lat' dir='ltr'>utrum</span> <span class='ocrx_word' id='word_1_83' title='bbox 404 1613 464 1686; x_wconf 89' lang='lat' dir='ltr'>illa</span> <span class='ocrx_word' id='word_1_84' title='bbox 482 1614 523 1687; x_wconf 84' lang='lat' dir='ltr'>srt</span> <span class='ocrx_word' id='word_1_85' title='bbox 542 1614 719 1703; x_wconf 87' lang='lat' dir='ltr'>animata,</span> <span class='ocrx_word' id='word_1_86' title='bbox 743 1627 785 1686; x_wconf 90' lang='lat' dir='ltr'>ut</span> <span class='ocrx_word' id='word_1_87' title='bbox 802 1614 1033 1706; x_wconf 86' lang='lat' dir='ltr'>animalium,</span> <span class='ocrx_word' id='word_1_88' title='bbox 1059 1613 1223 1707; x_wconf 85' lang='lat' dir='ltr'>quamvis</span> <span class='ocrx_word' id='word_1_89' title='bbox 1239 1632 1300 1684; x_wconf 80' lang='lat' dir='ltr'>oar·</span> 
     </span>
     <span class='ocr_line' id='line_1_16' title="bbox 263 1707 1300 1798; baseline -0.005 -14"><span class='ocrx_word' id='word_1_90' title='bbox 263 1732 336 1785; x_wconf 89' lang='lat' dir='ltr'>vos</span> <span class='ocrx_word' id='word_1_91' title='bbox 369 1731 445 1786; x_wconf 89' lang='lat' dir='ltr'>non</span> <span class='ocrx_word' id='word_1_92' title='bbox 480 1711 631 1798; x_wconf 88' lang='lat' dir='ltr'>habeat,</span> <span class='ocrx_word' id='word_1_93' title='bbox 663 1711 698 1783; x_wconf 83' lang='lat' dir='ltr'>dt</span> <span class='ocrx_word' id='word_1_94' title='bbox 725 1726 865 1784; x_wconf 91' lang='lat' dir='ltr'>motum</span> <span class='ocrx_word' id='word_1_95' title='bbox 891 1715 1140 1788; x_wconf 88' lang='lat' dir='ltr'>voluntarium</span> <span class='ocrx_word' id='word_1_96' title='bbox 1172 1707 1300 1786; x_wconf 82' lang='lat' dir='ltr'>manile·</span> 
     </span>
     <span class='ocr_line' id='line_1_17' title="bbox 265 1807 1301 1904; baseline -0.01 -18"><span class='ocrx_word' id='word_1_97' title='bbox 265 1809 379 1896; x_wconf 84' lang='lat' dir='ltr'>stum,</span> <span class='ocrx_word' id='word_1_98' title='bbox 405 1809 499 1882; x_wconf 88' lang='lat' dir='ltr'>intra</span> <span class='ocrx_word' id='word_1_99' title='bbox 526 1807 676 1904; x_wconf 85' lang='lat' dir='ltr'>rigidam</span> <span class='ocrx_word' id='word_1_100' title='bbox 707 1807 933 1883; x_wconf 88' lang='lat' dir='ltr'>substantiam</span> <span class='ocrx_word' id='word_1_101' title='bbox 965 1807 1301 1885; x_wconf 63' lang='lat' dir='ltr'>corticalemlncar·</span> 
     </span>
     <span class='ocr_line' id='line_1_18' title="bbox 265 1899 1303 1998; baseline -0.008 -15"><span class='ocrx_word' id='word_1_102' title='bbox 265 1920 401 1996; x_wconf 86' lang='lat' dir='ltr'>cerata,</span> <span class='ocrx_word' id='word_1_103' title='bbox 412 1905 575 1981; x_wconf 84' lang='lat' dir='ltr'>exserere</span> <span class='ocrx_word' id='word_1_104' title='bbox 592 1919 760 1998; x_wconf 85' lang='lat' dir='ltr'>nequeat.</span> <span class='ocrx_word' id='word_1_105' title='bbox 795 1905 944 1982; x_wconf 86' lang='lat' dir='ltr'>Interim</span> <span class='ocrx_word' id='word_1_106' title='bbox 959 1907 1107 1982; x_wconf 91' lang='lat' dir='ltr'>ORDO</span> <span class='ocrx_word' id='word_1_107' title='bbox 1126 1899 1303 1982; x_wconf 85' lang='lat' dir='ltr'><strong>FUNGO·</strong></span> 
     </span>
     <span class='ocr_line' id='line_1_19' title="bbox 264 2001 1302 2101; baseline -0.009 -21"><span class='ocrx_word' id='word_1_108' title='bbox 264 2003 384 2080; x_wconf 91' lang='lat' dir='ltr'>RUM</span> <span class='ocrx_word' id='word_1_109' title='bbox 399 2005 490 2080; x_wconf 90' lang='lat' dir='ltr'>adeo</span> <span class='ocrx_word' id='word_1_110' title='bbox 506 2005 579 2098; x_wconf 75' lang='lat' dir='ltr'>ianr</span> <span class='ocrx_word' id='word_1_111' title='bbox 600 2001 830 2078; x_wconf 87' lang='lat' dir='ltr'>videturesse</span> <span class='ocrx_word' id='word_1_112' title='bbox 855 2007 899 2078; x_wconf 88' lang='lat' dir='ltr'>ab</span> <span class='ocrx_word' id='word_1_113' title='bbox 917 2005 1047 2080; x_wconf 86' lang='lat' dir='ltr'>ordine</span> <span class='ocrx_word' id='word_1_114' title='bbox 1065 2003 1302 2101; x_wconf 80' lang='lat' dir='ltr'>vegetabilium</span> 
     </span>
     <span class='ocr_line' id='line_1_20' title="bbox 265 2097 1303 2196; baseline -0.01 -18"><span class='ocrx_word' id='word_1_115' title='bbox 265 2101 472 2191; x_wconf 73' lang='lat' dir='ltr'>distindius,</span> <span class='ocrx_word' id='word_1_116' title='bbox 500 2125 542 2176; x_wconf 94' lang='lat' dir='ltr'>ac</span> <span class='ocrx_word' id='word_1_117' title='bbox 567 2101 659 2176; x_wconf 92' lang='lat' dir='ltr'>ordo</span> <span class='ocrx_word' id='word_1_118' title='bbox 680 2099 985 2196; x_wconf 85' lang='lat' dir='ltr'>Zoophytorum,</span> <span class='ocrx_word' id='word_1_119' title='bbox 1012 2105 1073 2176; x_wconf 88' lang='lat' dir='ltr'>vel</span> <span class='ocrx_word' id='word_1_120' title='bbox 1101 2106 1138 2178; x_wconf 89' lang='lat' dir='ltr'>io</span> <span class='ocrx_word' id='word_1_121' title='bbox 1159 2097 1303 2176; x_wconf 87' lang='lat' dir='ltr'>confinio</span> 
     </span>
     <span class='ocr_line' id='line_1_21' title="bbox 265 2201 1303 2302; baseline -0.01 -27"><span class='ocrx_word' id='word_1_122' title='bbox 265 2202 388 2276; x_wconf 92' lang='lat' dir='ltr'>saltem</span> <span class='ocrx_word' id='word_1_123' title='bbox 415 2201 667 2293; x_wconf 88' lang='lat' dir='ltr'>relinquuntur</span> <span class='ocrx_word' id='word_1_124' title='bbox 693 2201 788 2302; x_wconf 45' lang='lat' dir='ltr'>ingr</span> <span class='ocrx_word' id='word_1_125' title='bbox 813 2223 962 2297; x_wconf 89' lang='lat' dir='ltr'>regnum</span> <span class='ocrx_word' id='word_1_126' title='bbox 984 2205 1140 2276; x_wconf 88' lang='lat' dir='ltr'>animale</span> <span class='ocrx_word' id='word_1_127' title='bbox 1162 2201 1195 2272; x_wconf 75' lang='lat' dir='ltr'>dr</span> <span class='ocrx_word' id='word_1_128' title='bbox 1215 2216 1303 2290; x_wconf 86' lang='lat' dir='ltr'>vege·</span> 
     </span>
     <span class='ocr_line' id='line_1_22' title="bbox 242 2295 1303 2394; baseline -0.008 -22"><span class='ocrx_word' id='word_1_129' title='bbox 242 2299 399 2387; x_wconf 82' lang='lat' dir='ltr'>&#39;tabile,</span> <span class='ocrx_word' id='word_1_130' title='bbox 426 2299 517 2371; x_wconf 88' lang='lat' dir='ltr'>adeo</span> <span class='ocrx_word' id='word_1_131' title='bbox 542 2313 582 2371; x_wconf 93' lang='lat' dir='ltr'>ut</span> <span class='ocrx_word' id='word_1_132' title='bbox 604 2319 713 2372; x_wconf 90' lang='lat' dir='ltr'>nemo</span> <span class='ocrx_word' id='word_1_133' title='bbox 731 2297 847 2372; x_wconf 89' lang='lat' dir='ltr'>adhuc</span> <span class='ocrx_word' id='word_1_134' title='bbox 868 2303 1051 2394; x_wconf 86' lang='lat' dir='ltr'>geodaetes</span> <span class='ocrx_word' id='word_1_135' title='bbox 1072 2317 1209 2374; x_wconf 80' lang='lat' dir='ltr'>natura</span> <span class='ocrx_word' id='word_1_136' title='bbox 1227 2295 1303 2368; x_wconf 89' lang='lat' dir='ltr'>deci·</span> 
     </span>
     <span class='ocr_line' id='line_1_23' title="bbox 265 2393 1304 2492; baseline -0.008 -24"><span class='ocrx_word' id='word_1_137' title='bbox 265 2417 354 2490; x_wconf 88' lang='lat' dir='ltr'>pere</span> <span class='ocrx_word' id='word_1_138' title='bbox 375 2396 560 2488; x_wconf 85' lang='lat' dir='ltr'>potuerit,</span> <span class='ocrx_word' id='word_1_139' title='bbox 585 2395 645 2468; x_wconf 90' lang='lat' dir='ltr'>cui</span> <span class='ocrx_word' id='word_1_140' title='bbox 663 2397 792 2468; x_wconf 91' lang='lat' dir='ltr'>horum</span> <span class='ocrx_word' id='word_1_141' title='bbox 813 2419 1006 2492; x_wconf 88' lang='lat' dir='ltr'>regnorum</span> <span class='ocrx_word' id='word_1_142' title='bbox 1028 2399 1107 2472; x_wconf 76' lang='lat' dir='ltr'>hac</span> <span class='ocrx_word' id='word_1_143' title='bbox 1134 2393 1304 2492; x_wconf 80' lang='lat' dir='ltr'>prouincia</span> 
     </span>
     <span class='ocr_line' id='line_1_24' title="bbox 265 2489 1304 2584; baseline 0.001 -22"><span class='ocrx_word' id='word_1_144' title='bbox 265 2490 409 2564; x_wconf 87' lang='lat' dir='ltr'>votiori</span> <span class='ocrx_word' id='word_1_145' title='bbox 438 2492 518 2584; x_wconf 85' lang='lat' dir='ltr'>jure</span> <span class='ocrx_word' id='word_1_146' title='bbox 547 2492 588 2566; x_wconf 84' lang='lat' dir='ltr'>fit</span> <span class='ocrx_word' id='word_1_147' title='bbox 621 2492 861 2570; x_wconf 88' lang='lat' dir='ltr'>attribuenda.</span> <span class='ocrx_word' id='word_1_148' title='bbox 920 2497 960 2576; x_wconf 74' lang='lat' dir='ltr'>,Si</span> <span class='ocrx_word' id='word_1_149' title='bbox 993 2497 1090 2568; x_wconf 90' lang='lat' dir='ltr'>enim</span> <span class='ocrx_word' id='word_1_150' title='bbox 1127 2494 1251 2569; x_wconf 84' lang='lat' dir='ltr'>semina</span> <span class='ocrx_word' id='word_1_151' title='bbox 1276 2489 1304 2560; x_wconf 86' lang='lat' dir='ltr'>iu</span> 
     </span>
     <span class='ocr_line' id='line_1_25' title="bbox 266 2589 1302 2687; baseline -0.005 -24"><span class='ocrx_word' id='word_1_152' title='bbox 266 2590 378 2663; x_wconf 83' lang='lat' dir='ltr'>bivos</span> <span class='ocrx_word' id='word_1_153' title='bbox 397 2590 533 2662; x_wconf 90' lang='lat' dir='ltr'>abeunt</span> <span class='ocrx_word' id='word_1_154' title='bbox 560 2589 666 2662; x_wconf 84' lang='lat' dir='ltr'>foetus</span> <span class='ocrx_word' id='word_1_155' title='bbox 689 2592 883 2684; x_wconf 89' lang='lat' dir='ltr'>animales,</span> <span class='ocrx_word' id='word_1_156' title='bbox 906 2593 942 2666; x_wconf 89' lang='lat' dir='ltr'>hi</span> <span class='ocrx_word' id='word_1_157' title='bbox 968 2593 1096 2687; x_wconf 88' lang='lat' dir='ltr'>postea</span> <span class='ocrx_word' id='word_1_158' title='bbox 1122 2595 1158 2666; x_wconf 92' lang='lat' dir='ltr'>in</span> <span class='ocrx_word' id='word_1_159' title='bbox 1183 2605 1302 2684; x_wconf 86' lang='lat' dir='ltr'>vegeta·</span> 
     </span>
     <span class='ocr_line' id='line_1_26' title="bbox 267 2685 1303 2784; baseline -0.009 -22"><span class='ocrx_word' id='word_1_160' title='bbox 267 2687 358 2762; x_wconf 90' lang='lat' dir='ltr'>diles</span> <span class='ocrx_word' id='word_1_161' title='bbox 383 2686 686 2762; x_wconf 86' lang='lat' dir='ltr'>transformantur</span> <span class='ocrx_word' id='word_1_162' title='bbox 710 2687 863 2782; x_wconf 86' lang='lat' dir='ltr'>fungos,</span> <span class='ocrx_word' id='word_1_163' title='bbox 892 2692 1040 2784; x_wconf 86' lang='lat' dir='ltr'>concipi</span> <span class='ocrx_word' id='word_1_164' title='bbox 1071 2692 1152 2768; x_wconf 80' lang='lat' dir='ltr'>fere</span> <span class='ocrx_word' id='word_1_165' title='bbox 1182 2685 1303 2784; x_wconf 85' lang='lat' dir='ltr'>poliunt</span> 
     </span>
     <span class='ocr_line' id='line_1_27' title="bbox 265 2782 1301 2882; baseline -0.01 -24"><span class='ocrx_word' id='word_1_166' title='bbox 265 2784 517 2860; x_wconf 77' lang='lat' dir='ltr'>veluainsetla</span> <span class='ocrx_word' id='word_1_167' title='bbox 531 2785 730 2882; x_wconf 86' lang='lat' dir='ltr'>Progallica</span> <span class='ocrx_word' id='word_1_168' title='bbox 743 2786 968 2875; x_wconf 81' lang='lat' dir='ltr'>Reaumum,</span> <span class='ocrx_word' id='word_1_169' title='bbox 987 2804 1049 2862; x_wconf 91' lang='lat' dir='ltr'>aut</span> <span class='ocrx_word' id='word_1_170' title='bbox 1067 2789 1213 2862; x_wconf 87' lang='lat' dir='ltr'>Coccus</span> <span class='ocrx_word' id='word_1_171' title='bbox 1227 2782 1301 2857; x_wconf 81' lang='lat' dir='ltr'>llicit</span> 
     </span>
     <span class='ocr_line' id='line_1_28' title="bbox 268 2875 1301 2976; baseline -0.008 -18"><span class='ocrx_word' id='word_1_172' title='bbox 268 2883 482 2971; x_wconf 65' lang='lat' dir='ltr'>coctilem,</span> <span class='ocrx_word' id='word_1_173' title='bbox 506 2905 584 2976; x_wconf 87' lang='lat' dir='ltr'>quae</span> <span class='ocrx_word' id='word_1_174' title='bbox 606 2883 758 2976; x_wconf 88' lang='lat' dir='ltr'>primum</span> <span class='ocrx_word' id='word_1_175' title='bbox 784 2883 862 2958; x_wconf 92' lang='lat' dir='ltr'>sunt</span> <span class='ocrx_word' id='word_1_176' title='bbox 884 2885 1013 2960; x_wconf 76' lang='lat' dir='ltr'>insecta</span> <span class='ocrx_word' id='word_1_177' title='bbox 1036 2889 1206 2962; x_wconf 86' lang='lat' dir='ltr'>alacriter</span> <span class='ocrx_word' id='word_1_178' title='bbox 1221 2875 1301 2956; x_wconf 89' lang='lat' dir='ltr'>curi·</span> 
     </span>
     <span class='ocr_line' id='line_1_29' title="bbox 267 2977 1304 3079; baseline 0.001 -25"><span class='ocrx_word' id='word_1_179' title='bbox 267 2981 405 3068; x_wconf 88' lang='lat' dir='ltr'>tantia,</span> <span class='ocrx_word' id='word_1_180' title='bbox 430 2980 489 3052; x_wconf 86' lang='lat' dir='ltr'>sed</span> <span class='ocrx_word' id='word_1_181' title='bbox 510 2981 654 3054; x_wconf 89' lang='lat' dir='ltr'>foemina</span> <span class='ocrx_word' id='word_1_182' title='bbox 678 2979 796 3054; x_wconf 89' lang='lat' dir='ltr'>statim</span> <span class='ocrx_word' id='word_1_183' title='bbox 821 2983 901 3076; x_wconf 90' lang='lat' dir='ltr'>post</span> <span class='ocrx_word' id='word_1_184' title='bbox 927 2987 1097 3079; x_wconf 89' lang='lat' dir='ltr'>copulam</span> <span class='ocrx_word' id='word_1_185' title='bbox 1124 2983 1257 3066; x_wconf 84' lang='lat' dir='ltr'>rostra,</span> <span class='ocrx_word' id='word_1_186' title='bbox 1277 2977 1304 3045; x_wconf 76' lang='lat' dir='ltr'>iu</span> 
     </span>
     <span class='ocr_line' id='line_1_30' title="bbox 267 3073 1304 3172; baseline -0.001 -22"><span class='ocrx_word' id='word_1_187' title='bbox 267 3075 416 3172; x_wconf 69' lang='lat' dir='ltr'>pedore</span> <span class='ocrx_word' id='word_1_188' title='bbox 438 3076 528 3166; x_wconf 83' lang='lat' dir='ltr'>sato,</span> <span class='ocrx_word' id='word_1_189' title='bbox 553 3078 684 3151; x_wconf 90' lang='lat' dir='ltr'>cortici</span> <span class='ocrx_word' id='word_1_190' title='bbox 708 3079 777 3152; x_wconf 86' lang='lat' dir='ltr'>sese</span> <span class='ocrx_word' id='word_1_191' title='bbox 798 3081 975 3172; x_wconf 64' lang='lat' dir='ltr'>aduenit,</span> <span class='ocrx_word' id='word_1_192' title='bbox 1005 3083 1105 3156; x_wconf 90' lang='lat' dir='ltr'>vivit</span> <span class='ocrx_word' id='word_1_193' title='bbox 1131 3073 1304 3156; x_wconf 83' lang='lat' dir='ltr'>immobilis</span> 
     </span>
     <span class='ocr_line' id='line_1_31' title="bbox 269 3172 1303 3276; baseline -0.004 -28"><span class='ocrx_word' id='word_1_194' title='bbox 269 3173 303 3248; x_wconf 82' lang='lat' dir='ltr'>dt</span> <span class='ocrx_word' id='word_1_195' title='bbox 323 3172 442 3246; x_wconf 86' lang='lat' dir='ltr'>rostro</span> <span class='ocrx_word' id='word_1_196' title='bbox 460 3190 600 3249; x_wconf 90' lang='lat' dir='ltr'>tantum</span> <span class='ocrx_word' id='word_1_197' title='bbox 619 3198 683 3268; x_wconf 85' lang='lat' dir='ltr'>per</span> <span class='ocrx_word' id='word_1_198' title='bbox 700 3178 874 3252; x_wconf 88' lang='lat' dir='ltr'>corticem</span> <span class='ocrx_word' id='word_1_199' title='bbox 893 3180 1030 3276; x_wconf 85' lang='lat' dir='ltr'>exsugit</span> <span class='ocrx_word' id='word_1_200' title='bbox 1046 3181 1303 3256; x_wconf 82' lang='lat' dir='ltr'>nutrimentum,</span> 
     </span>
     <span class='ocr_line' id='line_1_32' title="bbox 267 3270 1304 3372; baseline -0.004 -26"><span class='ocrx_word' id='word_1_201' title='bbox 267 3270 474 3368; x_wconf 70' lang='lat' dir='ltr'>intumescit</span> <span class='ocrx_word' id='word_1_202' title='bbox 508 3274 673 3364; x_wconf 88' lang='lat' dir='ltr'>quotidie</span> <span class='ocrx_word' id='word_1_203' title='bbox 704 3275 742 3348; x_wconf 91' lang='lat' dir='ltr'>in</span> <span class='ocrx_word' id='word_1_204' title='bbox 774 3278 1056 3372; x_wconf 86' lang='lat' dir='ltr'>magnitudinem</span> <span class='ocrx_word' id='word_1_205' title='bbox 1087 3279 1177 3372; x_wconf 86' lang='lat' dir='ltr'>pili,</span> <span class='ocrx_word' id='word_1_206' title='bbox 1209 3281 1304 3348; x_wconf 82' lang='lat' dir='ltr'>bacca</span> 
     </span>
     <span class='ocr_line' id='line_1_33' title="bbox 266 3370 1303 3470; baseline 0 -24"><span class='ocrx_word' id='word_1_207' title='bbox 266 3371 384 3446; x_wconf 86' lang='lat' dir='ltr'>rubrae</span> <span class='ocrx_word' id='word_1_208' title='bbox 400 3370 607 3461; x_wconf 88' lang='lat' dir='ltr'>adlimilata,</span> <span class='ocrx_word' id='word_1_209' title='bbox 627 3370 745 3468; x_wconf 92' lang='lat' dir='ltr'>(unde</span> <span class='ocrx_word' id='word_1_210' title='bbox 768 3375 876 3448; x_wconf 87' lang='lat' dir='ltr'>etiam</span> <span class='ocrx_word' id='word_1_211' title='bbox 895 3397 915 3448; x_wconf 92' lang='lat' dir='ltr'>a</span> <span class='ocrx_word' id='word_1_212' title='bbox 936 3378 1124 3450; x_wconf 87' lang='lat' dir='ltr'>veteribus</span> <span class='ocrx_word' id='word_1_213' title='bbox 1152 3396 1218 3470; x_wconf 88' lang='lat' dir='ltr'>pro</span> <span class='ocrx_word' id='word_1_214' title='bbox 1237 3383 1303 3440; x_wconf 78' lang='lat' dir='ltr'>cert</span> 
     </span>
     <span class='ocr_line' id='line_1_34' title="bbox 268 3465 1304 3563; baseline 0.006 -21"><span class='ocrx_word' id='word_1_215' title='bbox 268 3469 380 3542; x_wconf 89' lang='lat' dir='ltr'>bacca</span> <span class='ocrx_word' id='word_1_216' title='bbox 407 3466 459 3542; x_wconf 88' lang='lat' dir='ltr'>est</span> <span class='ocrx_word' id='word_1_217' title='bbox 483 3468 626 3559; x_wconf 85' lang='lat' dir='ltr'>habita,</span> <span class='ocrx_word' id='word_1_218' title='bbox 650 3490 695 3542; x_wconf 86' lang='lat' dir='ltr'>ex</span> <span class='ocrx_word' id='word_1_219' title='bbox 725 3493 795 3563; x_wconf 91' lang='lat' dir='ltr'>qua</span> <span class='ocrx_word' id='word_1_220' title='bbox 816 3471 893 3545; x_wconf 86' lang='lat' dir='ltr'>Ilex</span> <span class='ocrx_word' id='word_1_221' title='bbox 915 3472 1099 3546; x_wconf 87' lang='lat' dir='ltr'>baccifera</span> <span class='ocrx_word' id='word_1_222' title='bbox 1125 3465 1251 3560; x_wconf 70' lang='lat' dir='ltr'>arcta)</span> <span class='ocrx_word' id='word_1_223' title='bbox 1267 3467 1304 3536; x_wconf 79' lang='lat' dir='ltr'>il·</span> 
     </span>
     <span class='ocr_line' id='line_1_35' title="bbox 268 3565 1304 3662; baseline 0 -24"><span class='ocrx_word' id='word_1_224' title='bbox 268 3577 327 3638; x_wconf 87' lang='lat' dir='ltr'>tus</span> <span class='ocrx_word' id='word_1_225' title='bbox 344 3567 452 3639; x_wconf 84' lang='lat' dir='ltr'>meris</span> <span class='ocrx_word' id='word_1_226' title='bbox 471 3567 618 3657; x_wconf 87' lang='lat' dir='ltr'>impleta</span> <span class='ocrx_word' id='word_1_227' title='bbox 638 3569 782 3656; x_wconf 79' lang='lat' dir='ltr'>ovulis,</span> <span class='ocrx_word' id='word_1_228' title='bbox 815 3591 892 3662; x_wconf 85' lang='lat' dir='ltr'>quae</span> <span class='ocrx_word' id='word_1_229' title='bbox 913 3569 1008 3645; x_wconf 90' lang='lat' dir='ltr'>intra</span> <span class='ocrx_word' id='word_1_230' title='bbox 1029 3587 1184 3646; x_wconf 87' lang='lat' dir='ltr'>matrem</span> <span class='ocrx_word' id='word_1_231' title='bbox 1204 3565 1304 3642; x_wconf 80' lang='lat' dir='ltr'>exclu-</span> 
     </span>
     <span class='ocr_line' id='line_1_36' title="bbox 268 3660 1305 3757; baseline 0.001 -23"><span class='ocrx_word' id='word_1_232' title='bbox 268 3660 417 3751; x_wconf 87' lang='lat' dir='ltr'>duntur,</span> <span class='ocrx_word' id='word_1_233' title='bbox 431 3685 581 3757; x_wconf 86' lang='lat' dir='ltr'>eamque</span> <span class='ocrx_word' id='word_1_234' title='bbox 595 3677 709 3738; x_wconf 82' lang='lat' dir='ltr'>totana</span> <span class='ocrx_word' id='word_1_235' title='bbox 728 3667 954 3745; x_wconf 89' lang='lat' dir='ltr'>consumunt.</span> <span class='ocrx_word' id='word_1_236' title='bbox 988 3670 1141 3744; x_wconf 88' lang='lat' dir='ltr'>Verbo:</span> <span class='ocrx_word' id='word_1_237' title='bbox 1160 3669 1212 3742; x_wconf 88' lang='lat' dir='ltr'>uti</span> <span class='ocrx_word' id='word_1_238' title='bbox 1227 3664 1305 3738; x_wconf 84' lang='lat' dir='ltr'>zoo-</span> 
     </span>
     <span class='ocr_line' id='line_1_37' title="bbox 266 3758 1306 3857; baseline 0.007 -25"><span class='ocrx_word' id='word_1_239' title='bbox 266 3758 384 3855; x_wconf 85' lang='lat' dir='ltr'>phyta</span> <span class='ocrx_word' id='word_1_240' title='bbox 407 3781 427 3832; x_wconf 93' lang='lat' dir='ltr'>e</span> <span class='ocrx_word' id='word_1_241' title='bbox 451 3761 645 3857; x_wconf 87' lang='lat' dir='ltr'>vegetabili</span> <span class='ocrx_word' id='word_1_242' title='bbox 670 3761 899 3840; x_wconf 88' lang='lat' dir='ltr'>efflorescunt</span> <span class='ocrx_word' id='word_1_243' title='bbox 927 3765 965 3839; x_wconf 91' lang='lat' dir='ltr'>in</span> <span class='ocrx_word' id='word_1_244' title='bbox 989 3767 1242 3852; x_wconf 82' lang='lat' dir='ltr'>Animalcula,</span> <span class='ocrx_word' id='word_1_245' title='bbox 1271 3759 1306 3828; x_wconf 82' lang='lat' dir='ltr'>itt</span> 
     </span>
     <span class='ocr_line' id='line_1_38' title="bbox 267 3857 1307 3958; baseline -0.002 -28"><span class='ocrx_word' id='word_1_246' title='bbox 267 3857 452 3930; x_wconf 89' lang='lat' dir='ltr'>contraria</span> <span class='ocrx_word' id='word_1_247' title='bbox 475 3871 611 3932; x_wconf 87' lang='lat' dir='ltr'>naturae</span> <span class='ocrx_word' id='word_1_248' title='bbox 632 3858 713 3954; x_wconf 89' lang='lat' dir='ltr'>lege</span> <span class='ocrx_word' id='word_1_249' title='bbox 734 3861 763 3934; x_wconf 89' lang='lat' dir='ltr'>F</span> <span class='ocrx_word' id='word_1_250' title='bbox 767 3859 848 3958; x_wconf 84' lang='lat' dir='ltr'>ungi</span> <span class='ocrx_word' id='word_1_251' title='bbox 874 3883 920 3934; x_wconf 88' lang='lat' dir='ltr'>ex</span> <span class='ocrx_word' id='word_1_252' title='bbox 945 3865 1185 3938; x_wconf 88' lang='lat' dir='ltr'>Animalculis</span> <span class='ocrx_word' id='word_1_253' title='bbox 1207 3859 1307 3934; x_wconf 76' lang='lat' dir='ltr'>adole</span> 
     </span>
     <span class='ocr_line' id='line_1_39' title="bbox 266 3953 1309 4130; baseline 0 -100"><span class='ocrx_word' id='word_1_254' title='bbox 266 3953 428 4130; x_wconf 71' lang='lat' dir='ltr'>scerefiin</span> <span class='ocrx_word' id='word_1_255' title='bbox 451 3954 690 4053; x_wconf 87' lang='lat' dir='ltr'>vegetabilia,</span> <span class='ocrx_word' id='word_1_256' title='bbox 709 3958 738 4035; x_wconf 86' lang='lat' dir='ltr'>fi</span> <span class='ocrx_word' id='word_1_257' title='bbox 755 3959 991 4039; x_wconf 86' lang='lat' dir='ltr'>confirmetur</span> <span class='ocrx_word' id='word_1_258' title='bbox 1015 3961 1093 4038; x_wconf 87' lang='lat' dir='ltr'>haec</span> <span class='ocrx_word' id='word_1_259' title='bbox 1118 3963 1309 4126; x_wconf 68' lang='lat' dir='ltr'>F⁰⁰g⁰⁷1¹1¹i¹</span> 
     </span>
     <span class='ocr_line' id='line_1_40' title="bbox 266 4057 1303 4154; baseline 0.001 -26"><span class='ocrx_word' id='word_1_260' title='bbox 266 4073 359 4150; x_wconf 66' lang='lat' dir='ltr'>gene</span> <span class='ocrx_word' id='word_1_261' title='bbox 386 4074 416 4135; x_wconf 69' lang='lat' dir='ltr'>s·</span> <span class='ocrx_word' id='word_1_262' title='bbox 1156 4067 1190 4154; x_wconf 66' lang='lat'>§0</span> <span class='ocrx_word' id='word_1_263' title='bbox 1216 4057 1249 4129; x_wconf 72' lang='lat' dir='ltr'>V</span> <span class='ocrx_word' id='word_1_264' title='bbox 1296 4097 1303 4116; x_wconf 82' lang='lat'><em>⁰</em></span> 
     </span>
    </p>
   </div>
   <div class='ocr_carea' id='block_1_4' title="bbox 0 0 1375 4748">
    <p class='ocr_par' dir='ltr' id='par_1_4' title="bbox 0 0 1375 4748">
     <span class='ocr_line' id='line_1_41' title="bbox 0 0 1375 4748; baseline 0 0"><span class='ocrx_word' id='word_1_265' title='bbox 0 0 1375 4748; x_wconf 95' lang='lat' dir='ltr'> </span> 
     </span>
    </p>
   </div>
  </div>
 </body>
</html>
