2640 4744
281 211 351 265 212
542 181 802 266 ¹VriRlETAS
836 183 1078 267 ClBORUM.

281 365 497 443 debiliorem
524 362 692 456 corporis
719 363 1020 440 constitutionem
1047 367 1192 442 omniuo
1215 367 1305 461 impa-

281 489 357 543 rem
371 459 603 558 judicaveris.
654 460 716 532 Sin
734 481 826 534 vero
845 485 865 536 a
883 466 1021 556 potiori
1040 467 1221 559 quidquam
1235 490 1306 540 con·

282 564 428 640 cludere
450 560 584 648 liceat,
612 556 719 650 facile
745 558 920 650 dixerim,
942 563 1306 638 meliorisnobilioris·

283 684 353 758 que
381 659 485 732 sortis
516 675 556 728 ac
581 654 807 728 conditionis
836 660 1065 750 hominibus,
1090 676 1212 756 utpote
1233 683 1305 752 quos

282 782 352 836 nec
375 756 508 841 fames,
536 774 604 826 nec
624 751 796 841 servitus,
824 778 892 829 nec
912 758 1009 832 aliud
1032 760 1184 852 denique
1212 759 1307 832 necui·

280 856 394 934 sitatis
428 850 555 925 urserit
589 851 723 939 telum,
748 853 1028 947 simpliciihmam
1057 858 1147 930 hanc
1178 856 1307 928 Dianam

280 952 426 1056 prorsus
453 949 637 1024 inimicam
658 947 748 1037 elle,
777 951 831 1039 &,
855 951 960 1044 supra
989 976 1093 1046 quam
1116 953 1183 1026 dici
1213 953 1306 1046 polit,

282 1047 477 1128 adversam.
527 1045 644 1120 Immo
670 1067 761 1118 vero
786 1047 809 1122 ir
834 1049 936 1140 illas,
971 1052 1064 1126 hanc
1085 1051 1146 1145 qui
1171 1050 1307 1124 servave-

280 1152 379 1237 rint,
405 1159 530 1244 gentes
547 1144 655 1240 paulo
682 1146 840 1220 curatius
856 1149 1081 1224 considerare
1104 1150 1257 1234 velimus,
1272 1147 1308 1220 iat

281 1248 410 1339 utique
428 1259 550 1338 patet,
575 1242 659 1328 has,
685 1244 910 1317 consuetudo
930 1247 1307 1342 licet,fames&1abor

282 1345 474 1441 quidquam
511 1338 698 1428 effecerit,
739 1341 963 1436 charactere,
1002 1345 1126 1418 nescio
1162 1367 1247 1438 quo,
1275 1347 1307 1414 ab

282 1443 363 1517 aliis
381 1437 580 1527 omnibus,
604 1435 674 1508 elle
699 1437 867 1516 diversas.
919 1442 994 1516 Eos
1026 1465 1154 1518 ornnes
1185 1440 1307 1538 propius

279 1536 458 1637 pervelim
470 1531 712 1626 inspiciamus,
724 1535 783 1627 qm
803 1537 841 1610 iu
858 1538 1021 1634 singulari
1037 1542 1192 1634 quodam
1204 1541 1307 1613 viven-

282 1638 319 1712 di
345 1653 477 1730 genere
501 1631 574 1704 fine
595 1631 666 1703 ulla
696 1632 827 1727 degant
858 1637 1059 1730 varietata,
1091 1640 1225 1732 hosque
1253 1651 1307 1708 tan

281 1734 428 1822 animo,
460 1749 566 1824 quam
599 1748 779 1821 corpore,
804 1731 934 1808 mirum
969 1736 1006 1808 iu
1034 1737 1180 1812 modum
1202 1737 1306 1809 ‘immu-

280 1845 383 1918 tato,
410 1825 651 1902 mouerimus
675 1826 815 1926 visuri.¹
849 1828 908 1904 Sic
933 1832 1141 1924 sartorem,
1170 1835 1308 1908 Sutoren

281 1952 325 2006 ac
351 1926 550 2003 Hominem
580 1923 819 2018 Litterarum,
850 1931 1006 2006 maxime
1033 1934 1096 2024 qui
1123 1935 1214 2006 inter
1232 1933 1308 2002 char·

280 2045 398 2103 tarum
419 2027 667 2115 librorumque
690 2025 913 2116 volumina,
927 2029 986 2102 die
1004 2030 1194 2124 nocteque
1212 2027 1307 2100 Scien-

278 2127 342 2201 tiis
367 2120 643 2198 meditabundus
675 2121 843 2217 invigilat
865 2126 1160 2219 abstrufioribus,
1185 2129 1225 2200 ab
1250 2123 1307 2215 ipio

272 2226 407 2310 uultu,
434 2218 567 2300 iucem
587 2239 629 2288 ac
645 2222 812 2311 corporis
830 2221 983 2312 statura,
1014 2228 1147 2300 ceteris
1166 2225 1307 2299 omnibus

279 2318 491 2415 dignoscere
518 2315 690 2390 valemus.
742 2314 820 2409 lpse
841 2321 938 2394 enim
957 2322 1251 2405 horum'animus,
1270 2321 1306 2390 iu·

277 2417 382 2490 doles
401 2435 442 2485 ac
469 2409 652 2505 ingenium
676 2412 725 2482 ita
747 2411 868 2488 senfim
890 2434 1166 2512 permutantur,
1190 2417 1305 2494 utEru·

277 2513 398 2599 ditus,
424 2509 536 2582 Miles
559 2530 601 2580 ac
618 2507 756 2602 Opifex
776 2511 857 2586 suus
881 2517 1032 2610 quisque
1044 2518 1164 2612 gestus
1188 2522 1220 2591 in
1240 2517 1305 2590 aiu·

276 2632 356 2686 rum
382 2604 661 2681 conversatione
688 2607 900 2699 habuerint,
926 2635 996 2687 nec
1018 2636 1157 2692 novum
1179 2629 1307 2705 unquam

261 2711 420 2782 uultum
452 2725 583 2798 capere
620 2707 819 2797 potuerint.
873 2710 971 2784 Hine
1001 2709 1073 2803 est,
1105 2716 1204 2807 quod
1230 2710 1306 2802 opu·

275 2809 453 2882 lentiores
489 2802 799 2896 Nobilioresque,
833 2807 865 2879 u
900 2809 1020 2882 Aulici
1056 2811 1238 2903 inprimis,
1262 2801 1306 2896 qli

277 2904 390 2976 variis
407 2901 477 2974 sese
500 2899 679 2973 delediant
693 2901 780 2974 otiis
801 2926 842 2976 ac
860 2907 1209 2998 exercitationibus,
1233 2921 1306 2978 cere·

276 3023 362 3088 ros,
392 3014 561 3092 tanquam
585 2999 834 3090 pedantismo,
860 3003 912 3074 uti
942 3004 1097 3096 dicitur,
1123 3008 1213 3080 frede
1238 2999 1285 3074 ini
1298 3037 1306 3050 ·

277 3099 376 3187 iios,
393 3097 469 3169 lato
490 3095 684 3187 supercilio
703 3095 872 3189 spernant
887 3122 929 3172 ac
943 3101 1194 3197 dedignentur.
1229 3097 1307 3198 Qui!¹

276 3197 329 3270 illi
360 3195 469 3267 etiam
502 3193 632 3266 hilares
663 3195 798 3288 magis,
836 3200 970 3271 alacres
998 3221 1040 3272 ac
1068 3203 1207 3290 vividi,
1237 3187 1309 3270 haud

275 3309 397 3370 tamen
412 3289 643 3390 solidiores,
674 3294 807 3363 merito
827 3294 1036 3368 habeantur.
1090 3299 1243 3372 Proinde
1263 3287 1308 3383 qui

274 3395 420 3466 urbana¹
454 3390 563 3475 vitae,
599 3408 811 3482 morumque
840 3393 1120 3468 commendabili
1150 3391 1309 3490 elegantis

275 3489 376 3563 omni
394 3487 469 3562 nisu
492 3485 688 3574 studuerit,
714 3486 750 3557 id
773 3490 966 3564 arbitretur
992 3497 1155 3586 apprime
1175 3483 1308 3567 inomni

272 3587 352 3660 vita
370 3585 438 3658 elle
455 3585 565 3671 utile,
592 3588 724 3677 nequid
744 3593 862 3670 rriruirr
889 3587 988 3662 secus
1021 3592 1117 3664 euim
1145 3593 1204 3684 qui
1232 3589 1307 3662 fece·

266 3684 343 3771 rit,
376 3704 507 3774 corpus
532 3682 761 3774 animumque
786 3683 937 3777 rigidum
954 3687 1124 3776 habebit,
1152 3689 1308 3762 durusne

271 3783 444 3874 pervicax
465 3779 664 3872 propositi,
690 3780 733 3851 ad
757 3781 1044 3858 internecionem
1067 3810 1180 3880 usque
1205 3797 1307 3862 tenth

272 3900 314 3980 ac
332 3879 498 3972 corporis
515 3877 672 3976 denique
688 3877 840 3972 statura,
865 3878 973 3956 instar
998 3883 1156 3958 hominis
1180 3884 1246 3958 erit
1264 3895 1307 4044 gu·

1287 3989 1308 4040 n
