<?xml version="1.0" encoding="UTF-8"?>
<!DOCTYPE html PUBLIC "-//W3C//DTD XHTML 1.0 Transitional//EN"
    "http://www.w3.org/TR/xhtml1/DTD/xhtml1-transitional.dtd">
<html xmlns="http://www.w3.org/1999/xhtml" xml:lang="en" lang="en">
 <head>
  <title>
</title>
<meta http-equiv="Content-Type" content="text/html;charset=utf-8" />
  <meta name='ocr-system' content='tesseract 3.04.00' />
  <meta name='ocr-capabilities' content='ocr_page ocr_carea ocr_par ocr_line ocrx_word'/>
</head>
<body>
  <div class='ocr_page' id='page_1' title='image "./carolialinnequi03schrgoog_0237.png"; bbox 0 0 2640 4744; ppageno 0'>
   <div class='ocr_carea' id='block_1_1' title="bbox 283 173 1256 271">
    <p class='ocr_par' dir='ltr' id='par_1_1' title="bbox 283 173 1256 271">
     <span class='ocr_line' id='line_1_1' title="bbox 283 173 1256 271; baseline -0.005 -18"><span class='ocrx_word' id='word_1_1' title='bbox 283 203 355 271; x_wconf 77' lang='lat'><strong>234</strong></span> <span class='ocrx_word' id='word_1_2' title='bbox 379 175 731 252; x_wconf 78' lang='lat' dir='ltr'>FERVIDORUM</span> <span class='ocrx_word' id='word_1_3' title='bbox 755 177 789 250; x_wconf 76' lang='lat' dir='ltr'><strong>d</strong></span> <span class='ocrx_word' id='word_1_4' title='bbox 814 175 1121 253; x_wconf 85' lang='lat' dir='ltr'><strong>GELlDORUM</strong></span> <span class='ocrx_word' id='word_1_5' title='bbox 1141 173 1256 250; x_wconf 87' lang='lat' dir='ltr'><strong>USUS.</strong></span> 
     </span>
    </p>
   </div>
   <div class='ocr_carea' id='block_1_2' title="bbox 274 355 1303 2869">
    <p class='ocr_par' dir='ltr' id='par_1_2' title="bbox 274 355 1303 2869">
     <span class='ocr_line' id='line_1_2' title="bbox 281 355 1295 450; baseline -0.002 -22"><span class='ocrx_word' id='word_1_6' title='bbox 281 357 395 428; x_wconf 83' lang='lat' dir='ltr'><strong>calida</strong></span> <span class='ocrx_word' id='word_1_7' title='bbox 412 375 567 428; x_wconf 88' lang='lat' dir='ltr'><strong>mutaret</strong></span> <span class='ocrx_word' id='word_1_8' title='bbox 584 358 740 446; x_wconf 72' lang='lat' dir='ltr'><strong>dietam,</strong></span> <span class='ocrx_word' id='word_1_9' title='bbox 754 359 840 430; x_wconf 89' lang='lat' dir='ltr'><strong>licet</strong></span> <span class='ocrx_word' id='word_1_10' title='bbox 851 359 1042 450; x_wconf 89' lang='lat' dir='ltr'><strong>Lappones</strong></span> <span class='ocrx_word' id='word_1_11' title='bbox 1055 355 1180 428; x_wconf 84' lang='lat' dir='ltr'><strong>Sueciae</strong></span> <span class='ocrx_word' id='word_1_12' title='bbox 1194 375 1295 444; x_wconf 87' lang='lat' dir='ltr'><strong>aquam</strong></span> 
     </span>
     <span class='ocr_line' id='line_1_3' title="bbox 282 457 1295 548; baseline -0.003 -24"><span class='ocrx_word' id='word_1_13' title='bbox 282 457 429 546; x_wconf 77' lang='lat' dir='ltr'><strong>impune</strong></span> <span class='ocrx_word' id='word_1_14' title='bbox 455 457 597 526; x_wconf 80' lang='lat' dir='ltr'><strong>haurire</strong></span> <span class='ocrx_word' id='word_1_15' title='bbox 621 461 813 544; x_wconf 83' lang='lat' dir='ltr'><strong>noverim,</strong></span> <span class='ocrx_word' id='word_1_16' title='bbox 840 479 916 546; x_wconf 78' lang='lat' dir='ltr'><strong>que</strong></span> <span class='ocrx_word' id='word_1_17' title='bbox 946 459 1036 527; x_wconf 87' lang='lat' dir='ltr'><strong>intra</strong></span> <span class='ocrx_word' id='word_1_18' title='bbox 1069 457 1208 548; x_wconf 90' lang='lat' dir='ltr'><strong>primum</strong></span> <span class='ocrx_word' id='word_1_19' title='bbox 1229 472 1295 522; x_wconf 91' lang='lat' dir='ltr'><strong>con·</strong></span> 
     </span>
     <span class='ocr_line' id='line_1_4' title="bbox 280 548 1296 646; baseline -0.005 -23"><span class='ocrx_word' id='word_1_20' title='bbox 280 555 472 646; x_wconf 59' lang='lat' dir='ltr'><strong>gerranni:</strong></span> <span class='ocrx_word' id='word_1_21' title='bbox 497 555 662 645; x_wconf 76' lang='lat' dir='ltr'><strong>punftum</strong></span> <span class='ocrx_word' id='word_1_22' title='bbox 686 556 718 625; x_wconf 76' lang='lat' dir='ltr'><strong>dt</strong></span> <span class='ocrx_word' id='word_1_23' title='bbox 739 556 906 625; x_wconf 77' lang='lat' dir='ltr'><strong>octavum</strong></span> <span class='ocrx_word' id='word_1_24' title='bbox 925 555 1053 625; x_wconf 87' lang='lat' dir='ltr'><strong>caloris</strong></span> <span class='ocrx_word' id='word_1_25' title='bbox 1078 550 1231 622; x_wconf 81' lang='lat' dir='ltr'><strong>versatur.</strong></span> <span class='ocrx_word' id='word_1_26' title='bbox 1269 548 1296 618; x_wconf 94' lang='lat' dir='ltr'><strong>ld</strong></span> 
     </span>
     <span class='ocr_line' id='line_1_5' title="bbox 280 648 1297 743; baseline -0.007 -21"><span class='ocrx_word' id='word_1_27' title='bbox 280 653 388 736; x_wconf 90' lang='lat' dir='ltr'><strong>dico,</strong></span> <span class='ocrx_word' id='word_1_28' title='bbox 414 656 509 740; x_wconf 78' lang='lat' dir='ltr'><strong>qnod</strong></span> <span class='ocrx_word' id='word_1_29' title='bbox 545 654 566 722; x_wconf 87' lang='lat' dir='ltr'><strong>li</strong></span> <span class='ocrx_word' id='word_1_30' title='bbox 602 656 661 723; x_wconf 71' lang='lat' dir='ltr'><strong>uili</strong></span> <span class='ocrx_word' id='word_1_31' title='bbox 688 655 828 723; x_wconf 82' lang='lat' dir='ltr'><strong>cuidam</strong></span> <span class='ocrx_word' id='word_1_32' title='bbox 866 654 918 722; x_wconf 83' lang='lat' dir='ltr'><strong>rei</strong></span> <span class='ocrx_word' id='word_1_33' title='bbox 958 648 1168 743; x_wconf 76' lang='lat' dir='ltr'><strong>polychresti</strong></span> <span class='ocrx_word' id='word_1_34' title='bbox 1198 649 1297 716; x_wconf 87' lang='lat' dir='ltr'><strong>titulus</strong></span> 
     </span>
     <span class='ocr_line' id='line_1_6' title="bbox 280 747 1297 844; baseline -0.005 -25"><span class='ocrx_word' id='word_1_35' title='bbox 280 749 522 834; x_wconf 76' lang='lat' dir='ltr'><strong>conveniret,</strong></span> <span class='ocrx_word' id='word_1_36' title='bbox 567 773 665 841; x_wconf 71' lang='lat' dir='ltr'><strong>aque</strong></span> <span class='ocrx_word' id='word_1_37' title='bbox 703 765 900 844; x_wconf 84' lang='lat' dir='ltr'><strong>temperate</strong></span> <span class='ocrx_word' id='word_1_38' title='bbox 937 750 1072 844; x_wconf 78' lang='lat' dir='ltr'><strong>frigide</strong></span> <span class='ocrx_word' id='word_1_39' title='bbox 1103 747 1195 818; x_wconf 92' lang='lat' dir='ltr'><strong>illum</strong></span> <span class='ocrx_word' id='word_1_40' title='bbox 1222 758 1297 815; x_wconf 83' lang='lat' dir='ltr'><strong>curte</strong></span> 
     </span>
     <span class='ocr_line' id='line_1_7' title="bbox 279 842 1298 942; baseline -0.008 -26"><span class='ocrx_word' id='word_1_41' title='bbox 279 845 348 916; x_wconf 80' lang='lat' dir='ltr'><strong>elie</strong></span> <span class='ocrx_word' id='word_1_42' title='bbox 374 850 616 940; x_wconf 81' lang='lat' dir='ltr'><strong>largiendum:</strong></span> <span class='ocrx_word' id='word_1_43' title='bbox 651 871 732 921; x_wconf 87' lang='lat' dir='ltr'><strong>nam</strong></span> <span class='ocrx_word' id='word_1_44' title='bbox 766 848 954 942; x_wconf 59' lang='lat' dir='ltr'><strong>proiedlm</strong></span> <span class='ocrx_word' id='word_1_45' title='bbox 980 869 1056 940; x_wconf 81' lang='lat' dir='ltr'><strong>quae</strong></span> <span class='ocrx_word' id='word_1_46' title='bbox 1082 843 1220 917; x_wconf 89' lang='lat' dir='ltr'><strong>acidulis</strong></span> <span class='ocrx_word' id='word_1_47' title='bbox 1245 842 1298 932; x_wconf 89' lang='lat' dir='ltr'><strong>ple·</strong></span> 
     </span>
     <span class='ocr_line' id='line_1_8' title="bbox 279 937 1298 1035; baseline -0.01 -19"><span class='ocrx_word' id='word_1_48' title='bbox 279 945 401 1035; x_wconf 78' lang='lat' dir='ltr'><strong>risque</strong></span> <span class='ocrx_word' id='word_1_49' title='bbox 426 946 515 1032; x_wconf 86' lang='lat' dir='ltr'><strong>juste</strong></span> <span class='ocrx_word' id='word_1_50' title='bbox 537 946 769 1034; x_wconf 75' lang='lat' dir='ltr'>adscribitur,</span> <span class='ocrx_word' id='word_1_51' title='bbox 796 945 997 1020; x_wconf 89' lang='lat' dir='ltr'><strong>medicandi</strong></span> <span class='ocrx_word' id='word_1_52' title='bbox 1024 946 1102 1035; x_wconf 91' lang='lat' dir='ltr'><strong>vis,</strong></span> <span class='ocrx_word' id='word_1_53' title='bbox 1126 963 1195 1016; x_wconf 92' lang='lat' dir='ltr'><strong>non</strong></span> <span class='ocrx_word' id='word_1_54' title='bbox 1220 937 1298 1011; x_wconf 90' lang='lat' dir='ltr'><strong>mini·</strong></span> 
     </span>
     <span class='ocr_line' id='line_1_9' title="bbox 278 1037 1298 1146; baseline -0.009 -32"><span class='ocrx_word' id='word_1_55' title='bbox 278 1063 336 1114; x_wconf 90' lang='lat' dir='ltr'><strong>ma</strong></span> <span class='ocrx_word' id='word_1_56' title='bbox 372 1044 522 1134; x_wconf 72' lang='lat' dir='ltr'><strong>ipsarum</strong></span> <span class='ocrx_word' id='word_1_57' title='bbox 562 1046 751 1140; x_wconf 80' lang='lat' dir='ltr'>frigiditati</span> <span class='ocrx_word' id='word_1_58' title='bbox 789 1047 952 1117; x_wconf 89' lang='lat' dir='ltr'><strong>debetur.</strong></span> <span class='ocrx_word' id='word_1_59' title='bbox 1021 1037 1298 1146; x_wconf 82' lang='lat' dir='ltr'><strong>Quemadmodum</strong></span> 
     </span>
     <span class='ocr_line' id='line_1_10' title="bbox 278 1138 1298 1237; baseline -0.009 -25"><span class='ocrx_word' id='word_1_60' title='bbox 278 1142 375 1212; x_wconf 93' lang='lat' dir='ltr'><strong>enim</strong></span> <span class='ocrx_word' id='word_1_61' title='bbox 403 1142 531 1234; x_wconf 75' lang='lat' dir='ltr'><strong>frigida</strong></span> <span class='ocrx_word' id='word_1_62' title='bbox 556 1146 682 1216; x_wconf 86' lang='lat' dir='ltr'><strong>balnea</strong></span> <span class='ocrx_word' id='word_1_63' title='bbox 708 1144 869 1215; x_wconf 78' lang='lat' dir='ltr'><strong>externis</strong></span> <span class='ocrx_word' id='word_1_64' title='bbox 891 1144 1057 1237; x_wconf 89' lang='lat' dir='ltr'><strong>corporis</strong></span> <span class='ocrx_word' id='word_1_65' title='bbox 1087 1138 1235 1234; x_wconf 88' lang='lat' dir='ltr'><strong>partibus</strong></span> <span class='ocrx_word' id='word_1_66' title='bbox 1257 1155 1298 1206; x_wconf 92' lang='lat' dir='ltr'><strong>ro·</strong></span> 
     </span>
     <span class='ocr_line' id='line_1_11' title="bbox 277 1240 1299 1335; baseline -0.012 -23"><span class='ocrx_word' id='word_1_67' title='bbox 277 1241 347 1312; x_wconf 92' lang='lat' dir='ltr'><strong>bur</strong></span> <span class='ocrx_word' id='word_1_68' title='bbox 379 1241 535 1326; x_wconf 89' lang='lat' dir='ltr'><strong>addunt;</strong></span> <span class='ocrx_word' id='word_1_69' title='bbox 576 1242 622 1313; x_wconf 87' lang='lat' dir='ltr'><strong>fic</strong></span> <span class='ocrx_word' id='word_1_70' title='bbox 650 1241 780 1335; x_wconf 80' lang='lat' dir='ltr'><strong>frigide</strong></span> <span class='ocrx_word' id='word_1_71' title='bbox 809 1241 943 1335; x_wconf 81' lang='lat' dir='ltr'><strong>ingeila</strong></span> <span class='ocrx_word' id='word_1_72' title='bbox 982 1262 1074 1333; x_wconf 88' lang='lat' dir='ltr'><strong>aqua</strong></span> <span class='ocrx_word' id='word_1_73' title='bbox 1106 1240 1299 1329; x_wconf 84' lang='lat' dir='ltr'><strong>languentem</strong></span> 
     </span>
     <span class='ocr_line' id='line_1_12' title="bbox 279 1334 1299 1428; baseline -0.008 -21"><span class='ocrx_word' id='word_1_74' title='bbox 279 1337 418 1407; x_wconf 76' lang='lat' dir='ltr'><strong>excitat</strong></span> <span class='ocrx_word' id='word_1_75' title='bbox 439 1341 694 1426; x_wconf 84' lang='lat' dir='ltr'><strong>ventriculum,</strong></span> <span class='ocrx_word' id='word_1_76' title='bbox 715 1340 851 1411; x_wconf 82' lang='lat' dir='ltr'><strong>viscera</strong></span> <span class='ocrx_word' id='word_1_77' title='bbox 873 1355 1014 1425; x_wconf 87' lang='lat' dir='ltr'><strong>cetera;</strong></span> <span class='ocrx_word' id='word_1_78' title='bbox 1041 1334 1249 1428; x_wconf 89' lang='lat' dir='ltr'><strong>deperditum</strong></span> <span class='ocrx_word' id='word_1_79' title='bbox 1261 1349 1299 1400; x_wconf 88' lang='lat' dir='ltr'><strong>re·</strong></span> 
     </span>
     <span class='ocr_line' id='line_1_13' title="bbox 277 1435 1296 1527; baseline -0.012 -20"><span class='ocrx_word' id='word_1_80' title='bbox 277 1435 396 1507; x_wconf 82' lang='lat' dir='ltr'><strong>stituit</strong></span> <span class='ocrx_word' id='word_1_81' title='bbox 425 1439 496 1507; x_wconf 92' lang='lat' dir='ltr'><strong>cibi</strong></span> <span class='ocrx_word' id='word_1_82' title='bbox 526 1438 747 1527; x_wconf 64' lang='lat' dir='ltr'><strong>adpetitum</strong></span> <span class='ocrx_word' id='word_1_83' title='bbox 779 1439 967 1509; x_wconf 92' lang='lat' dir='ltr'><strong>humorum</strong></span> <span class='ocrx_word' id='word_1_84' title='bbox 1001 1435 1172 1508; x_wconf 90' lang='lat' dir='ltr'><strong>circulum</strong></span> <span class='ocrx_word' id='word_1_85' title='bbox 1198 1441 1296 1519; x_wconf 88' lang='lat' dir='ltr'><strong>auget;</strong></span> 
     </span>
     <span class='ocr_line' id='line_1_14' title="bbox 278 1530 1299 1619; baseline -0.008 -17"><span class='ocrx_word' id='word_1_86' title='bbox 278 1531 361 1602; x_wconf 84' lang='lat' dir='ltr'><strong>vasa</strong></span> <span class='ocrx_word' id='word_1_87' title='bbox 388 1537 510 1605; x_wconf 90' lang='lat' dir='ltr'><strong>omnia</strong></span> <span class='ocrx_word' id='word_1_88' title='bbox 536 1536 626 1619; x_wconf 77' lang='lat' dir='ltr'><strong>intio</strong></span> <span class='ocrx_word' id='word_1_89' title='bbox 653 1536 790 1606; x_wconf 74' lang='lat' dir='ltr'><strong>laxiora</strong></span> <span class='ocrx_word' id='word_1_90' title='bbox 813 1532 999 1606; x_wconf 90' lang='lat' dir='ltr'><strong>moderate</strong></span> <span class='ocrx_word' id='word_1_91' title='bbox 1021 1530 1188 1614; x_wconf 73' lang='lat' dir='ltr'><strong>coarctat,</strong></span> <span class='ocrx_word' id='word_1_92' title='bbox 1206 1545 1299 1598; x_wconf 80' lang='lat' dir='ltr'><strong>excre-</strong></span> 
     </span>
     <span class='ocr_line' id='line_1_15' title="bbox 277 1623 1298 1724; baseline -0.012 -23"><span class='ocrx_word' id='word_1_93' title='bbox 277 1631 400 1701; x_wconf 90' lang='lat' dir='ltr'><strong>tiones</strong></span> <span class='ocrx_word' id='word_1_94' title='bbox 427 1647 643 1722; x_wconf 75' lang='lat' dir='ltr'><strong>promovet,</strong></span> <span class='ocrx_word' id='word_1_95' title='bbox 683 1632 795 1724; x_wconf 79' lang='lat' dir='ltr'><strong>quid?</strong></span> <span class='ocrx_word' id='word_1_96' title='bbox 831 1631 927 1724; x_wconf 91' lang='lat' dir='ltr'><strong>quod</strong></span> <span class='ocrx_word' id='word_1_97' title='bbox 958 1631 1094 1703; x_wconf 81' lang='lat' dir='ltr'><strong>viscida</strong></span> <span class='ocrx_word' id='word_1_98' title='bbox 1125 1625 1236 1699; x_wconf 90' lang='lat' dir='ltr'><strong>omnia</strong></span> <span class='ocrx_word' id='word_1_99' title='bbox 1258 1623 1298 1691; x_wconf 86' lang='lat' dir='ltr'><strong>ab·</strong></span> 
     </span>
     <span class='ocr_line' id='line_1_16' title="bbox 276 1721 1299 1823; baseline -0.005 -25"><span class='ocrx_word' id='word_1_100' title='bbox 276 1729 376 1813; x_wconf 92' lang='lat' dir='ltr'><strong>luat,</strong></span> <span class='ocrx_word' id='word_1_101' title='bbox 411 1729 465 1814; x_wconf 82' lang='lat' dir='ltr'><strong>dt,</strong></span> <span class='ocrx_word' id='word_1_102' title='bbox 499 1751 546 1801; x_wconf 93' lang='lat' dir='ltr'><strong>ne</strong></span> <span class='ocrx_word' id='word_1_103' title='bbox 580 1751 679 1801; x_wconf 80' lang='lat' dir='ltr'><strong>nova</strong></span> <span class='ocrx_word' id='word_1_104' title='bbox 712 1732 840 1802; x_wconf 88' lang='lat' dir='ltr'><strong>iterum</strong></span> <span class='ocrx_word' id='word_1_105' title='bbox 874 1745 1114 1823; x_wconf 84' lang='lat' dir='ltr'><strong>generentur,</strong></span> <span class='ocrx_word' id='word_1_106' title='bbox 1150 1721 1299 1818; x_wconf 85' lang='lat' dir='ltr'><strong>impediat.</strong></span> 
     </span>
     <span class='ocr_line' id='line_1_17' title="bbox 278 1826 1300 1921; baseline -0.008 -23"><span class='ocrx_word' id='word_1_107' title='bbox 278 1826 378 1898; x_wconf 88' lang='lat' dir='ltr'><strong>Hinc</strong></span> <span class='ocrx_word' id='word_1_108' title='bbox 408 1827 545 1920; x_wconf 78' lang='lat' dir='ltr'><strong>frigidae</strong></span> <span class='ocrx_word' id='word_1_109' title='bbox 579 1830 812 1920; x_wconf 84' lang='lat' dir='ltr'><strong>potatoribus</strong></span> <span class='ocrx_word' id='word_1_110' title='bbox 852 1829 1009 1921; x_wconf 80' lang='lat' dir='ltr'><strong>linguam</strong></span> <span class='ocrx_word' id='word_1_111' title='bbox 1043 1827 1177 1918; x_wconf 85' lang='lat' dir='ltr'><strong>semper</strong></span> <span class='ocrx_word' id='word_1_112' title='bbox 1206 1835 1300 1912; x_wconf 82' lang='lat' dir='ltr'><strong>purant</strong></span> 
     </span>
     <span class='ocr_line' id='line_1_18' title="bbox 278 1916 1300 2018; baseline -0.011 -23"><span class='ocrx_word' id='word_1_113' title='bbox 278 1922 347 1995; x_wconf 86' lang='lat' dir='ltr'><strong>effe</strong></span> <span class='ocrx_word' id='word_1_114' title='bbox 370 1930 574 2012; x_wconf 88' lang='lat' dir='ltr'><strong>cernimus,</strong></span> <span class='ocrx_word' id='word_1_115' title='bbox 604 1944 711 2018; x_wconf 88' lang='lat' dir='ltr'><strong>atque</strong></span> <span class='ocrx_word' id='word_1_116' title='bbox 741 1927 867 2000; x_wconf 90' lang='lat' dir='ltr'><strong>dentes</strong></span> <span class='ocrx_word' id='word_1_117' title='bbox 891 1925 1034 2012; x_wconf 86' lang='lat' dir='ltr'><strong>firmas,</strong></span> <span class='ocrx_word' id='word_1_118' title='bbox 1063 1924 1211 2004; x_wconf 90' lang='lat' dir='ltr'><strong>nitidas,</strong></span> <span class='ocrx_word' id='word_1_119' title='bbox 1237 1916 1300 1988; x_wconf 85' lang='lat' dir='ltr'><strong>soni·</strong></span> 
     </span>
     <span class='ocr_line' id='line_1_19' title="bbox 277 2012 1301 2117; baseline -0.004 -27"><span class='ocrx_word' id='word_1_120' title='bbox 277 2022 360 2091; x_wconf 88' lang='lat' dir='ltr'><strong>tatis</strong></span> <span class='ocrx_word' id='word_1_121' title='bbox 382 2022 601 2117; x_wconf 76' lang='lat' dir='ltr'><strong>incorrupte</strong></span> <span class='ocrx_word' id='word_1_122' title='bbox 625 2023 763 2097; x_wconf 92' lang='lat' dir='ltr'><strong>indices</strong></span> <span class='ocrx_word' id='word_1_123' title='bbox 786 2046 862 2096; x_wconf 91' lang='lat' dir='ltr'><strong>non</strong></span> <span class='ocrx_word' id='word_1_124' title='bbox 888 2025 1035 2096; x_wconf 83' lang='lat' dir='ltr'><strong>fallaces</strong></span> <span class='ocrx_word' id='word_1_125' title='bbox 1052 2019 1110 2113; x_wconf 76' lang='lat' dir='ltr'><strong>j).</strong></span> <span class='ocrx_word' id='word_1_126' title='bbox 1167 2019 1240 2090; x_wconf 90' lang='lat' dir='ltr'><strong>Nec</strong></span> <span class='ocrx_word' id='word_1_127' title='bbox 1260 2012 1301 2082; x_wconf 84' lang='lat' dir='ltr'><strong>de·</strong></span> 
     </span>
     <span class='ocr_line' id='line_1_20' title="bbox 278 2113 1300 2216; baseline -0.011 -25"><span class='ocrx_word' id='word_1_128' title='bbox 278 2119 357 2191; x_wconf 89' lang='lat' dir='ltr'><strong>sunt</strong></span> <span class='ocrx_word' id='word_1_129' title='bbox 393 2120 486 2194; x_wconf 89' lang='lat' dir='ltr'><strong>intra</strong></span> <span class='ocrx_word' id='word_1_130' title='bbox 511 2124 640 2216; x_wconf 83' lang='lat' dir='ltr'><strong>vulgus</strong></span> <span class='ocrx_word' id='word_1_131' title='bbox 669 2122 879 2195; x_wconf 90' lang='lat' dir='ltr'><strong>morborum</strong></span> <span class='ocrx_word' id='word_1_132' title='bbox 905 2122 1094 2212; x_wconf 83' lang='lat' dir='ltr'><strong>exempla,</strong></span> <span class='ocrx_word' id='word_1_133' title='bbox 1124 2140 1201 2191; x_wconf 90' lang='lat' dir='ltr'><strong>cum</strong></span> <span class='ocrx_word' id='word_1_134' title='bbox 1223 2113 1300 2185; x_wconf 85' lang='lat' dir='ltr'><strong>cliro·</strong></span> 
     </span>
     <span class='ocr_line' id='line_1_21' title="bbox 277 2218 1302 2313; baseline -0.007 -23"><span class='ocrx_word' id='word_1_135' title='bbox 277 2220 469 2306; x_wconf 86' lang='lat' dir='ltr'><strong>nieorum,</strong></span> <span class='ocrx_word' id='word_1_136' title='bbox 493 2242 584 2310; x_wconf 89' lang='lat' dir='ltr'><strong>quos</strong></span> <span class='ocrx_word' id='word_1_137' title='bbox 604 2220 731 2313; x_wconf 89' lang='lat' dir='ltr'><strong>frigida</strong></span> <span class='ocrx_word' id='word_1_138' title='bbox 755 2233 917 2308; x_wconf 91' lang='lat' dir='ltr'><strong>tantum,</strong></span> <span class='ocrx_word' id='word_1_139' title='bbox 942 2240 1010 2292; x_wconf 91' lang='lat' dir='ltr'><strong>nec</strong></span> <span class='ocrx_word' id='word_1_140' title='bbox 1027 2218 1302 2299; x_wconf 64' lang='lat' dir='ltr'><strong>medicumque</strong></span> 
     </span>
     <span class='ocr_line' id='line_1_22' title="bbox 276 2315 1302 2413; baseline -0.001 -27"><span class='ocrx_word' id='word_1_141' title='bbox 276 2319 422 2407; x_wconf 87' lang='lat' dir='ltr'><strong>penitus</strong></span> <span class='ocrx_word' id='word_1_142' title='bbox 450 2316 613 2399; x_wconf 86' lang='lat' dir='ltr'><strong>abstulit;</strong></span> <span class='ocrx_word' id='word_1_143' title='bbox 644 2331 719 2389; x_wconf 92' lang='lat' dir='ltr'><strong>tum</strong></span> <span class='ocrx_word' id='word_1_144' title='bbox 742 2318 938 2408; x_wconf 86' lang='lat' dir='ltr'><strong>quotannis</strong></span> <span class='ocrx_word' id='word_1_145' title='bbox 964 2315 1210 2400; x_wconf 86' lang='lat' dir='ltr'><strong>redeuntium,</strong></span> <span class='ocrx_word' id='word_1_146' title='bbox 1234 2323 1302 2413; x_wconf 62' lang='lat' dir='ltr'><strong>quos</strong></span> 
     </span>
     <span class='ocr_line' id='line_1_23' title="bbox 275 2411 1300 2506; baseline -0.003 -22"><span class='ocrx_word' id='word_1_147' title='bbox 275 2413 404 2506; x_wconf 88' lang='lat' dir='ltr'><strong>frigida</strong></span> <span class='ocrx_word' id='word_1_148' title='bbox 436 2413 705 2488; x_wconf 82' lang='lat' dir='ltr'><strong>averruncavit.</strong></span> <span class='ocrx_word' id='word_1_149' title='bbox 771 2412 825 2485; x_wconf 88' lang='lat' dir='ltr'><strong>Ut</strong></span> <span class='ocrx_word' id='word_1_150' title='bbox 854 2429 1015 2502; x_wconf 89' lang='lat' dir='ltr'><strong>taceam,</strong></span> <span class='ocrx_word' id='word_1_151' title='bbox 1042 2411 1221 2506; x_wconf 89' lang='lat' dir='ltr'><strong>plurimis,</strong></span> <span class='ocrx_word' id='word_1_152' title='bbox 1247 2421 1300 2496; x_wconf 72' lang='lat' dir='ltr'><strong>qu!-</strong></span> 
     </span>
     <span class='ocr_line' id='line_1_24' title="bbox 274 2510 1302 2606; baseline -0.004 -26"><span class='ocrx_word' id='word_1_153' title='bbox 274 2510 341 2580; x_wconf 89' lang='lat' dir='ltr'><strong>bus</strong></span> <span class='ocrx_word' id='word_1_154' title='bbox 359 2511 636 2582; x_wconf 82' lang='lat' dir='ltr'><strong>ntacrobiornm</strong></span> <span class='ocrx_word' id='word_1_155' title='bbox 655 2522 797 2583; x_wconf 80' lang='lat' dir='ltr'><strong>atatem</strong></span> <span class='ocrx_word' id='word_1_156' title='bbox 817 2513 995 2606; x_wconf 88' lang='lat' dir='ltr'><strong>attingere</strong></span> <span class='ocrx_word' id='word_1_157' title='bbox 1014 2511 1183 2604; x_wconf 85' lang='lat' dir='ltr'><strong>contigit,</strong></span> <span class='ocrx_word' id='word_1_158' title='bbox 1203 2515 1302 2601; x_wconf 80' lang='lat' dir='ltr'><strong>pretet</strong></span> 
     </span>
     <span class='ocr_line' id='line_1_25' title="bbox 276 2596 1250 2710; baseline -0.003 -30"><span class='ocrx_word' id='word_1_159' title='bbox 276 2629 403 2701; x_wconf 88' lang='lat' dir='ltr'><strong>aquam</strong></span> <span class='ocrx_word' id='word_1_160' title='bbox 433 2609 555 2682; x_wconf 82' lang='lat' dir='ltr'><strong>vivam</strong></span> <span class='ocrx_word' id='word_1_161' title='bbox 577 2609 765 2710; x_wconf 81' lang='lat' dir='ltr'><strong>frigidam,</strong></span> <span class='ocrx_word' id='word_1_162' title='bbox 784 2631 853 2703; x_wconf 92' lang='lat' dir='ltr'><strong>pro</strong></span> <span class='ocrx_word' id='word_1_163' title='bbox 869 2623 963 2704; x_wconf 91' lang='lat' dir='ltr'><strong>potu</strong></span> <span class='ocrx_word' id='word_1_164' title='bbox 981 2611 1072 2685; x_wconf 90' lang='lat' dir='ltr'><strong>nihil</strong></span> <span class='ocrx_word' id='word_1_165' title='bbox 1089 2606 1187 2684; x_wconf 83' lang='lat' dir='ltr'><strong>inille</strong></span> <span class='ocrx_word' id='word_1_166' title='bbox 1201 2596 1250 2699; x_wconf 85' lang='lat' dir='ltr'><strong>g).</strong></span> 
     </span>
     <span class='ocr_line' id='line_1_26' title="bbox 1205 2711 1303 2806; baseline -0.112 -14"><span class='ocrx_word' id='word_1_167' title='bbox 1205 2711 1303 2806; x_wconf 86' lang='lat' dir='ltr'><strong>Sequi·</strong></span> 
     </span>
     <span class='ocr_line' id='line_1_27' title="bbox 279 2837 1302 2869; baseline -0.003 -6"><span class='ocrx_word' id='word_1_168' title='bbox 279 2837 1302 2869; x_wconf 82' lang='grc'>......................,,...,,,,,,,,.......-</span> 
     </span>
    </p>
   </div>
   <div class='ocr_carea' id='block_1_3' title="bbox 309 2905 1306 3402">
    <p class='ocr_par' dir='ltr' id='par_1_3' title="bbox 309 2905 1306 3402">
     <span class='ocr_line' id='line_1_28' title="bbox 309 2905 1304 2998; baseline -0.01 -24"><span class='ocrx_word' id='word_1_169' title='bbox 309 2913 353 2998; x_wconf 74' lang='lat' dir='ltr'><strong>s)</strong></span> <span class='ocrx_word' id='word_1_170' title='bbox 376 2914 522 2976; x_wconf 87' lang='lat' dir='ltr'><strong>Dentium</strong></span> <span class='ocrx_word' id='word_1_171' title='bbox 550 2915 716 2994; x_wconf 84' lang='lat' dir='ltr'><strong>puritatem</strong></span> <span class='ocrx_word' id='word_1_172' title='bbox 740 2911 773 2976; x_wconf 79' lang='lat' dir='ltr'><strong>dt</strong></span> <span class='ocrx_word' id='word_1_173' title='bbox 796 2915 929 2976; x_wconf 89' lang='lat' dir='ltr'><strong>nitorem</strong></span> <span class='ocrx_word' id='word_1_174' title='bbox 951 2916 1028 2978; x_wconf 81' lang='lat' dir='ltr'><strong>tanti</strong></span> <span class='ocrx_word' id='word_1_175' title='bbox 1048 2916 1197 2980; x_wconf 83' lang='lat' dir='ltr'><strong>aestimant</strong></span> <span class='ocrx_word' id='word_1_176' title='bbox 1213 2905 1304 2992; x_wconf 87' lang='lat' dir='ltr'><strong>injudi·</strong></span> 
     </span>
     <span class='ocr_line' id='line_1_29' title="bbox 354 2994 1304 3078; baseline 0.001 -23"><span class='ocrx_word' id='word_1_177' title='bbox 354 2994 453 3055; x_wconf 84' lang='lat' dir='ltr'><strong>cando</strong></span> <span class='ocrx_word' id='word_1_178' title='bbox 485 2995 523 3054; x_wconf 94' lang='lat' dir='ltr'><strong>de</strong></span> <span class='ocrx_word' id='word_1_179' title='bbox 551 2996 730 3074; x_wconf 86' lang='lat' dir='ltr'><strong>integritate</strong></span> <span class='ocrx_word' id='word_1_180' title='bbox 761 2995 895 3057; x_wconf 84' lang='lat' dir='ltr'><strong>sanitatis</strong></span> <span class='ocrx_word' id='word_1_181' title='bbox 922 2999 1164 3078; x_wconf 77' lang='lat' dir='ltr'><strong>mancipiorum,</strong></span> <span class='ocrx_word' id='word_1_182' title='bbox 1186 3012 1248 3078; x_wconf 81' lang='lat' dir='ltr'><strong>quae</strong></span> <span class='ocrx_word' id='word_1_183' title='bbox 1265 3006 1304 3078; x_wconf 37' lang='lat' dir='ltr'><strong>pl·⁰</strong></span> 
     </span>
     <span class='ocr_line' id='line_1_30' title="bbox 354 3069 1306 3150; baseline 0.001 -17"><span class='ocrx_word' id='word_1_184' title='bbox 354 3073 495 3134; x_wconf 88' lang='lat' dir='ltr'><strong>colendis</strong></span> <span class='ocrx_word' id='word_1_185' title='bbox 517 3074 658 3136; x_wconf 83' lang='lat' dir='ltr'><strong>Coloniis</strong></span> <span class='ocrx_word' id='word_1_186' title='bbox 681 3077 713 3137; x_wconf 93' lang='lat' dir='ltr'><strong>in</strong></span> <span class='ocrx_word' id='word_1_187' title='bbox 730 3076 876 3139; x_wconf 84' lang='lat' dir='ltr'><strong>America</strong></span> <span class='ocrx_word' id='word_1_188' title='bbox 899 3077 1093 3150; x_wconf 86' lang='lat' dir='ltr'><strong>constitutis,</strong></span> <span class='ocrx_word' id='word_1_189' title='bbox 1116 3078 1171 3142; x_wconf 87' lang='lat' dir='ltr'><strong>libi</strong></span> <span class='ocrx_word' id='word_1_190' title='bbox 1190 3097 1225 3139; x_wconf 78' lang='lat' dir='ltr'><strong>ex</strong></span> <span class='ocrx_word' id='word_1_191' title='bbox 1244 3069 1306 3134; x_wconf 80' lang='lat' dir='ltr'><strong>alo·</strong></span> 
     </span>
     <span class='ocr_line' id='line_1_31' title="bbox 353 3149 1305 3242; baseline 0.009 -29"><span class='ocrx_word' id='word_1_192' title='bbox 353 3172 390 3213; x_wconf 84' lang='lat' dir='ltr'><strong>ca</strong></span> <span class='ocrx_word' id='word_1_193' title='bbox 415 3167 593 3232; x_wconf 84' lang='lat' dir='ltr'><strong>comparant</strong></span> <span class='ocrx_word' id='word_1_194' title='bbox 613 3155 769 3218; x_wconf 82' lang='lat' dir='ltr'><strong>Australes</strong></span> <span class='ocrx_word' id='word_1_195' title='bbox 792 3158 915 3239; x_wconf 88' lang='lat' dir='ltr'><strong>populi.</strong></span> <span class='ocrx_word' id='word_1_196' title='bbox 944 3171 979 3221; x_wconf 92' lang='lat' dir='ltr'><strong>ut</strong></span> <span class='ocrx_word' id='word_1_197' title='bbox 1020 3160 1113 3221; x_wconf 87' lang='lat' dir='ltr'><strong>uibus</strong></span> <span class='ocrx_word' id='word_1_198' title='bbox 1143 3158 1205 3221; x_wconf 88' lang='lat' dir='ltr'><strong>istae</strong></span> <span class='ocrx_word' id='word_1_199' title='bbox 1226 3149 1305 3242; x_wconf 57' lang='lat' dir='ltr'><strong>deflli·</strong></span> 
     </span>
     <span class='ocr_line' id='line_1_32' title="bbox 352 3179 1305 3321; baseline -0.001 -29"><span class='ocrx_word' id='word_1_200' title='bbox 352 3243 410 3292; x_wconf 94' lang='lat' dir='ltr'><strong>unt</strong></span> <span class='ocrx_word' id='word_1_201' title='bbox 429 3243 533 3304; x_wconf 65' lang='grc' dir='ltr'><strong>ηοω,</strong></span> <span class='ocrx_word' id='word_1_202' title='bbox 560 3234 645 3294; x_wconf 91' lang='lat' dir='ltr'><strong>nullo</strong></span> <span class='ocrx_word' id='word_1_203' title='bbox 667 3237 703 3298; x_wconf 86' lang='lat' dir='ltr'><strong>ad</strong></span> <span class='ocrx_word' id='word_1_204' title='bbox 725 3249 827 3299; x_wconf 85' lang='lat' dir='ltr'><strong>cetera</strong></span> <span class='ocrx_word' id='word_1_205' title='bbox 849 3239 983 3302; x_wconf 84' lang='lat' dir='ltr'><strong>sanitatis</strong></span> <span class='ocrx_word' id='word_1_206' title='bbox 1000 3179 1093 3321; x_wconf 56' lang='lat' dir='ltr'><strong>(iigna</strong></span> <span class='ocrx_word' id='word_1_207' title='bbox 1113 3241 1214 3302; x_wconf 88' lang='lat' dir='ltr'><strong>habito</strong></span> <span class='ocrx_word' id='word_1_208' title='bbox 1234 3239 1305 3311; x_wconf 83' lang='lat' dir='ltr'><strong>relpe·</strong></span> 
     </span>
     <span class='ocr_line' id='line_1_33' title="bbox 354 3309 1247 3402; baseline 0.006 -28"><span class='ocrx_word' id='word_1_209' title='bbox 354 3309 424 3384; x_wconf 68' lang='lat' dir='ltr'><strong>stu,</strong></span> <span class='ocrx_word' id='word_1_210' title='bbox 449 3312 485 3372; x_wconf 90' lang='lat' dir='ltr'><strong>ad</strong></span> <span class='ocrx_word' id='word_1_211' title='bbox 506 3313 642 3375; x_wconf 83' lang='lat' dir='ltr'><strong>laborem</strong></span> <span class='ocrx_word' id='word_1_212' title='bbox 665 3317 768 3379; x_wconf 90' lang='lat' dir='ltr'><strong>minus</strong></span> <span class='ocrx_word' id='word_1_213' title='bbox 791 3319 901 3381; x_wconf 87' lang='lat' dir='ltr'><strong>idonea</strong></span> <span class='ocrx_word' id='word_1_214' title='bbox 920 3320 1090 3384; x_wconf 79' lang='lat' dir='ltr'><strong>habeantur</strong></span> <span class='ocrx_word' id='word_1_215' title='bbox 1114 3314 1247 3402; x_wconf 77' lang='lat' dir='ltr'><strong>subjetta.</strong></span> 
     </span>
    </p>
   </div>
   <div class='ocr_carea' id='block_1_4' title="bbox 274 3403 1308 3959">
    <p class='ocr_par' dir='ltr' id='par_1_4' title="bbox 309 3403 1307 3577">
     <span class='ocr_line' id='line_1_34' title="bbox 309 3403 1307 3484; baseline -0.023 4"><span class='ocrx_word' id='word_1_216' title='bbox 309 3404 352 3484; x_wconf 61' lang='grc' dir='ltr'><strong>ἕ)</strong></span> <span class='ocrx_word' id='word_1_217' title='bbox 375 3403 498 3466; x_wconf 55' lang='lat' dir='ltr'><strong>Nimim</strong></span> <span class='ocrx_word' id='word_1_218' title='bbox 520 3404 631 3478; x_wconf 38' lang='lat' dir='ltr'><strong>essim,</strong></span> <span class='ocrx_word' id='word_1_219' title='bbox 664 3407 684 3469; x_wconf 87' lang='lat' dir='ltr'><strong>st</strong></span> <span class='ocrx_word' id='word_1_220' title='bbox 714 3409 761 3470; x_wconf 84' lang='lat' dir='ltr'><strong>vel</strong></span> <span class='ocrx_word' id='word_1_221' title='bbox 790 3413 915 3472; x_wconf 85' lang='lat' dir='ltr'><strong>nomina</strong></span> <span class='ocrx_word' id='word_1_222' title='bbox 940 3413 1037 3474; x_wconf 88' lang='lat' dir='ltr'><strong>solum</strong></span> <span class='ocrx_word' id='word_1_223' title='bbox 1064 3411 1246 3474; x_wconf 85' lang='lat' dir='ltr'><strong>recenserem</strong></span> <span class='ocrx_word' id='word_1_224' title='bbox 1270 3419 1307 3460; x_wconf 70' lang='lat'><strong>0⁰·</strong></span> 
     </span>
     <span class='ocr_line' id='line_1_35' title="bbox 350 3485 1307 3577; baseline -0.001 -34"><span class='ocrx_word' id='word_1_225' title='bbox 350 3502 436 3556; x_wconf 88' lang='lat' dir='ltr'><strong>rom,</strong></span> <span class='ocrx_word' id='word_1_226' title='bbox 458 3485 496 3545; x_wconf 88' lang='lat' dir='ltr'><strong>de</strong></span> <span class='ocrx_word' id='word_1_227' title='bbox 517 3487 628 3566; x_wconf 87' lang='lat' dir='ltr'><strong>quibus</strong></span> <span class='ocrx_word' id='word_1_228' title='bbox 649 3499 736 3551; x_wconf 86' lang='lat' dir='ltr'><strong>certo</strong></span> <span class='ocrx_word' id='word_1_229' title='bbox 758 3491 888 3564; x_wconf 88' lang='lat' dir='ltr'><strong>constat,</strong></span> <span class='ocrx_word' id='word_1_230' title='bbox 912 3512 965 3574; x_wconf 92' lang='lat' dir='ltr'><strong>per</strong></span> <span class='ocrx_word' id='word_1_231' title='bbox 984 3493 1107 3576; x_wconf 74' lang='lat' dir='ltr'><strong>frigidae</strong></span> <span class='ocrx_word' id='word_1_232' title='bbox 1121 3489 1307 3577; x_wconf 68' lang='lat' dir='ltr'><strong>quotidianup</strong></span> 
     </span>
    </p>

    <p class='ocr_par' dir='ltr' id='par_1_5' title="bbox 274 3565 1308 3959">
     <span class='ocr_line' id='line_1_36' title="bbox 274 3565 1307 3652; baseline -0.025 -8"><span class='ocrx_word' id='word_1_233' title='bbox 274 3591 279 3602; x_wconf 90' lang='lat'>&#39;</span> <span class='ocrx_word' id='word_1_234' title='bbox 347 3581 405 3642; x_wconf 64' lang='lat' dir='ltr'><strong>Pf⁰</strong></span> <span class='ocrx_word' id='word_1_235' title='bbox 434 3579 509 3644; x_wconf 56' lang='lat'>[³⁰1⁰</span> <span class='ocrx_word' id='word_1_236' title='bbox 541 3567 643 3641; x_wconf 68' lang='lat' dir='ltr'><strong>Usum,</strong></span> <span class='ocrx_word' id='word_1_237' title='bbox 682 3569 908 3652; x_wconf 72' lang='lat' dir='ltr'><strong>provediorem</strong></span> <span class='ocrx_word' id='word_1_238' title='bbox 939 3575 1009 3637; x_wconf 89' lang='lat' dir='ltr'><strong>illos</strong></span> <span class='ocrx_word' id='word_1_239' title='bbox 1040 3574 1093 3636; x_wconf 82' lang='lat' dir='ltr'><strong>fibi</strong></span> <span class='ocrx_word' id='word_1_240' title='bbox 1116 3565 1307 3652; x_wconf 68' lang='lat' dir='ltr'><strong>compararim</strong></span> 
     </span>
     <span class='ocr_line' id='line_1_37' title="bbox 350 3645 1308 3728; baseline -0.005 -24"><span class='ocrx_word' id='word_1_241' title='bbox 350 3655 484 3707; x_wconf 83' lang='lat' dir='ltr'><strong>aetatem.</strong></span> <span class='ocrx_word' id='word_1_242' title='bbox 537 3647 648 3712; x_wconf 84' lang='lat' dir='ltr'><strong>Virum</strong></span> <span class='ocrx_word' id='word_1_243' title='bbox 671 3653 861 3714; x_wconf 89' lang='lat' dir='ltr'><strong>macrobium</strong></span> <span class='ocrx_word' id='word_1_244' title='bbox 892 3655 1074 3717; x_wconf 82' lang='lat' dir='ltr'><strong>Cliviensem</strong></span> <span class='ocrx_word' id='word_1_245' title='bbox 1102 3667 1220 3716; x_wconf 81' lang='lat' dir='ltr'><strong>tantum</strong></span> <span class='ocrx_word' id='word_1_246' title='bbox 1247 3645 1308 3728; x_wconf 71' lang='lat' dir='ltr'><strong>adtr-</strong></span> 
     </span>
     <span class='ocr_line' id='line_1_38' title="bbox 348 3720 1308 3819; baseline -0.023 -20"><span class='ocrx_word' id='word_1_247' title='bbox 348 3741 432 3819; x_wconf 39' lang='lat' dir='ltr'><strong>fam..</strong></span> <span class='ocrx_word' id='word_1_248' title='bbox 464 3743 555 3806; x_wconf 91' lang='lat' dir='ltr'><strong>quem</strong></span> <span class='ocrx_word' id='word_1_249' title='bbox 587 3731 738 3814; x_wconf 88' lang='lat' dir='ltr'><strong>Principis</strong></span> <span class='ocrx_word' id='word_1_250' title='bbox 769 3753 808 3794; x_wconf 88' lang='lat' dir='ltr'><strong>ex</strong></span> <span class='ocrx_word' id='word_1_251' title='bbox 834 3733 933 3814; x_wconf 81' lang='lat' dir='ltr'><strong>jullii,</strong></span> <span class='ocrx_word' id='word_1_252' title='bbox 962 3740 1190 3799; x_wconf 78' lang='lat' dir='ltr'><strong>blanznnrunr</strong></span> <span class='ocrx_word' id='word_1_253' title='bbox 1212 3720 1308 3793; x_wconf 83' lang='lat' dir='ltr'><strong>Bornsi.</strong></span> 
     </span>
     <span class='ocr_line' id='line_1_39' title="bbox 349 3803 1307 3959; baseline -0.006 -92"><span class='ocrx_word' id='word_1_254' title='bbox 349 3803 444 3884; x_wconf 83' lang='lat' dir='ltr'><strong>Regis</strong></span> <span class='ocrx_word' id='word_1_255' title='bbox 474 3807 672 3873; x_wconf 86' lang='lat' dir='ltr'><strong>Archiatrum</strong></span> <span class='ocrx_word' id='word_1_256' title='bbox 703 3814 903 3894; x_wconf 84' lang='lat' dir='ltr'><strong>interrogall&#39;e</strong></span> <span class='ocrx_word' id='word_1_257' title='bbox 930 3818 1081 3896; x_wconf 85' lang='lat' dir='ltr'><strong>legimus.</strong></span> <span class='ocrx_word' id='word_1_258' title='bbox 1102 3813 1193 3959; x_wconf 58' lang='lat' dir='ltr'><strong>epuali</strong></span> <span class='ocrx_word' id='word_1_259' title='bbox 1224 3810 1307 3869; x_wconf 77' lang='lat' dir='ltr'><strong>diocte</strong></span> 
     </span>
    </p>
   </div>
   <div class='ocr_carea' id='block_1_5' title="bbox 348 3886 1307 4026">
    <p class='ocr_par' dir='ltr' id='par_1_6' title="bbox 348 3886 1307 4026">
     <span class='ocr_line' id='line_1_40' title="bbox 348 3886 1307 3977; baseline 0.005 -32"><span class='ocrx_word' id='word_1_260' title='bbox 348 3886 457 3966; x_wconf 87' lang='lat' dir='ltr'><strong>generi</strong></span> <span class='ocrx_word' id='word_1_261' title='bbox 477 3887 642 3967; x_wconf 81' lang='lat' dir='ltr'><strong>summam,</strong></span> <span class='ocrx_word' id='word_1_262' title='bbox 675 3913 765 3977; x_wconf 82' lang='lat' dir='ltr'><strong>qtram</strong></span> <span class='ocrx_word' id='word_1_263' title='bbox 791 3907 1006 3974; x_wconf 85' lang='lat' dir='ltr'><strong>contraxerat,</strong></span> <span class='ocrx_word' id='word_1_264' title='bbox 1033 3897 1100 3960; x_wconf 86' lang='lat' dir='ltr'><strong>seue</strong></span> <span class='ocrx_word' id='word_1_265' title='bbox 1121 3907 1216 3960; x_wconf 91' lang='lat' dir='ltr'><strong>tutem</strong></span> <span class='ocrx_word' id='word_1_266' title='bbox 1237 3887 1307 3950; x_wconf 76' lang='lat' dir='ltr'><strong>dobe-</strong></span> 
     </span>
     <span class='ocr_line' id='line_1_41' title="bbox 1265 3981 1307 4026; baseline -0.119 -2"><span class='ocrx_word' id='word_1_267' title='bbox 1265 3981 1307 4026; x_wconf 78' lang='lat' dir='ltr'><strong>rot.</strong></span> 
     </span>
    </p>
   </div>
   <div class='ocr_carea' id='block_1_6' title="bbox 0 0 1324 4744">
    <p class='ocr_par' dir='ltr' id='par_1_7' title="bbox 0 0 1324 4744">
     <span class='ocr_line' id='line_1_42' title="bbox 0 0 1324 4744; baseline 0 1"><span class='ocrx_word' id='word_1_268' title='bbox 0 0 1324 4744; x_wconf 95' lang='lat' dir='ltr'><strong> </strong></span> 
     </span>
    </p>
   </div>
  </div>
 </body>
</html>
