2716 4748
317 171 477 294 ⁴CURA
508 169 807 252 GENERALIS.
1029 197 1130 278 351,

55 375 124 446 res,
149 351 323 430 exercitia
341 353 600 446 immoderata,
632 351 778 428 sudores
802 353 999 448 copioii&
1026 357 1102 434 dia·

54 455 165 542 heres,
205 452 448 530 subtractione
471 454 652 546 liquorum
684 453 850 546 inprimis
882 454 1100 532 tenniffimo·

53 573 143 640 rum,
165 551 327 646 reliquos
353 563 513 648 cogunt,
538 549 663 644 &pro
681 551 807 624 indole
825 554 1026 627 eorundem
1048 555 1101 630 di·

53 649 174 724 athefin
191 649 264 724 illie
283 649 507 740 conciliant,
533 647 717 742 solidaque
738 649 1001 726 torreintiunt:
1025 673 1100 746 quo

51 749 136 822 enim
152 747 273 823 minor
299 745 397 822 adest
412 747 604 822 humorum
623 745 753 840 topia,
780 759 827 820 eo
848 747 1023 824 torridior
1047 747 1099 824 est

51 843 149 938 fibra,
175 845 476 940 quemadmodum
504 844 731 938 experientia
756 845 971 938 quotidiana
993 847 1098 924 testa·

50 957 119 1038 tur,
141 943 225 1018 dum
247 966 374 1019 carnes
397 943 603 1019 animalium
627 941 862 1017 exsiccantur.
1130 1027 1134 1042 Δ

130 1039 383 1118 RETENTA
402 1043 512 1142 fluida
542 1047 651 1114 tenuia
679 1039 715 1112 dt
729 1039 838 1137 solido
861 1045 991 1118 humido
1014 1065 1098 1140 pro·

49 1153 171 1218 creant.
224 1137 317 1214 Cum
335 1141 530 1220 'contraria
545 1137 815 1212 contrariorum
836 1139 887 1214 est
907 1141 1026 1230 ratio,
1047 1143 1096 1218 se·

49 1237 178 1332 quitur,
205 1237 311 1325 fiea,
339 1259 418 1330 quae
444 1237 490 1310 de
507 1236 665 1312 excretio
685 1234 864 1325 diximus,
893 1259 970 1311 non
996 1255 1097 1334 pate·

48 1335 173 1410 sterent
206 1336 425 1429 exulatis,
458 1333 585 1430 utique
619 1331 895 1410 manifestidima
923 1335 1021 1410 forte
1052 1361 1099 1416 ert

47 1431 100 1506 suo
123 1433 316 1528 oppofito,
342 1435 377 1506 dt
401 1449 544 1508 contra.
603 1432 678 1606 (ἒιί
706 1431 865 1506 aciduias
889 1433 1097 1528 frequenta·

46 1531 149 1623 verit,
174 1531 336 1606 Retenta
357 1533 429 1606 hoc
455 1529 578 1626 stipari
600 1553 621 1602 e
652 1531 732 1604 eiiu
748 1529 1007 1624 deprehendet.
1059 1535 1096 1608 Si

47 1630 130 1704 enim
152 1631 251 1703 latex
275 1629 550 1718 saluberrimus,
580 1628 702 1702 debita
728 1631 999 1722 proportione,
1031 1655 1097 1728 per

47 1745 191 1822 congrua
212 1728 396 1802 colatoria
415 1749 492 1804 non
514 1728 692 1818 elabitur,
718 1725 922 1801 intumescit
946 1751 1095 1824 corpur,

46 1821 214 1920 dtpraesto
231 1825 286 1900 est
303 1823 496 1916 Anasarca.
549 1825 624 1930 Qui
647 1824 777 1898 faeiem
799 1823 981 1902 helluonis
1007 1849 1095 1904 con·

46 1925 224 2018 templator
260 1923 629 2018 pallido-tumidam,
662 1922 759 1995 simui
797 1922 898 1994 videt
924 1947 1093 2002 cruorem

47 2021 139 2096 nimis
166 2021 347 2114 dilutum,
374 2020 408 2096 dt
433 2017 543 2096 fibras
572 2017 804 2093 honestius.
864 2019 900 2092 Si
930 2021 1010 2095 vasa
1035 2027 1095 2098 ab·

45 2113 212 2196 sorbentia
242 2120 308 2194 suo
333 2140 412 2194 non
437 2117 682 2214 defunguntur
708 2137 881 2210 munere,
906 2121 1005 2212 quod
1034 2123 1095 2196 ab·

46 2211 183 2292 solvitur
198 2217 322 2296 debita
340 2213 622 2292 tenuiffimorum
639 2213 890 2308 resorptione‚
908 2213 1006 2292 adest
1016 2217 1095 2312 Hy·

46 2311 163 2408 drops3
190 2313 587 2410 Dysmenorrhagiam,
622 2312 815 2386 cedema&
841 2329 1004 2388 tumores
1028 2315 1094 2410 hy·

45 2407 171 2504 dropici
190 2435 269 2489 non
291 2435 376 2488 raro
395 2412 602 2506 sequuntur.
649 2411 760 2501 nivi,
786 2411 891 2500 lotii,
920 2413 1094 2508 perspira-

45 2508 143 2586 tiooir
169 2511 392 2604 pulmonalis
423 2510 457 2584 dt
489 2523 652 2584 cutonem
678 2507 960 2604 suppreiiiones;
996 2511 1094 2588 infir·

44 2608 136 2708 pratia
160 2607 262 2686 fibris
289 2607 587 2696 continentibusr
615 2607 739 2682 varios
765 2621 927 2681 tumores
950 2609 984 2684 o
1005 2631 1091 2686 con·

43 2703 213 2798 gestionee
248 2706 560 2802 praetemrmrates
590 2717 776 2804 generant.
840 2705 941 2779 Hinc
969 2721 1093 2801 patet,

44 2804 142 2880 craiin
166 2807 359 2882 humorum
388 2817 536 2880 tenuem
564 2803 599 2877 u
623 2803 765 2878 densam
786 2802 918 2876 mutari
945 2825 1010 2896 per
1030 2827 1092 2878 ex-

43 2915 128 2974 creta
152 2904 188 2978 dt
220 2917 385 2996 retenta,
428 2899 609 2995 fibrasque
642 2900 806 2976 humidae
842 2901 905 2972 vel
935 2901 1093 2976 torridas

41 2993 120 3072 fieri.
186 3001 373 3106 Quamdiu
403 2999 527 3094 itaque
552 2999 687 3096 ingesta
718 3001 755 3074 in
780 2998 905 3074 eadem
938 3019 1093 3094 propor-

41 3095 134 3172 tione
169 3113 331 3192 exeunt,
370 3119 412 3172 ac
441 3097 687 3190 assumuntur,
720 3096 859 3171 tamdiu
883 3099 919 3170 in
946 3099 1092 3173 decenti

40 3209 150 3272 manet
181 3219 317 3291 corpus
350 3197 568 3291 equilibrio.
631 3195 668 3270 Si
700 3217 792 3270 vero
819 3193 1000 3283 Exotero,
1031 3197 1092 3268 vei

40 3287 184 3370 Retenta
199 3297 237 3370 io
257 3293 400 3370 excessu
417 3307 480 3368 aut
509 3290 650 3368 defertu
667 3293 930 3390 peccaverint,
955 3311 1091 3367 utrum·

39 3387 89 3464 vit
108 3392 303 3488 acciderit,
331 3391 365 3468 dt
386 3389 502 3468 officit
519 3392 681 3488 corpori.

121 3679 417 3772 MOTIONEM
445 3583 727 3774 cgoutleya'mrn
764 3677 1000 3776 intelligenda
1030 3683 1090 3758 bic

37 3773 192 3872 inprimis
218 3781 270 3856 est
298 3780 530 3874 inosculatio,
554 3785 659 3876 cujus
684 3779 925 3857 oeceffitatem
954 3776 997 3851 ad
1024 3803 1089 3873 pu·

39 3873 122 3954 blica
143 3879 313 3978 corporis
337 3879 555 3974 commoda,
583 3901 693 3956 nemo
712 3891 843 3976 negat,
867 3897 1017 3971 queque
1038 3879 1090 3951 ita

1006 3995 1091 4048 cum
