2716 4748
293 186 365 278 39⁶
544 171 768 254 rruunus
800 171 1095 253 ruvrsrnrtrs.

289 358 440 434 farinam
457 358 594 454 nigram
617 357 655 431 in
671 356 868 452 ustilagine
890 353 1029 430 Hordei
1054 353 1087 426 ἃ
1110 353 1233 428 Tritici
1252 375 1305 429 me·

290 478 329 528 ra
356 456 424 528 elle
453 477 548 541 ova;
581 451 639 528 sed
669 455 776 527 etiam
807 453 951 527 limilem
981 453 1130 528 farinam
1158 455 1192 526 in
1216 452 1305 544 Lyco·

288 554 432 649 perdis,
460 555 624 648 Agaricis
650 552 685 623 tc
709 553 787 625 aliis
810 553 956 646 Fungir,
992 549 1102 624 immo
1129 549 1227 644 ipsam
1249 551 1305 624 llu-

291 659 375 724 corts
401 651 572 740 farinam,
609 649 699 724 nihil
731 649 826 723 aliud
858 671 962 742 quam
992 647 1121 720 semina
1150 647 1307 743 fungorum

290 749 381 836 elle,
404 748 459 819 sed
480 747 609 824 semina
626 748 701 842 huc
718 746 870 840 tepida,
894 769 957 840 per
973 745 1050 820 dies
1067 745 1220 838 aliquot,
1236 765 1308 837 aque

291 843 495 933 commilia,
524 867 634 916 veros
655 843 855 938 germinare
879 845 916 917 in
940 843 1183 934 vermiculos,
1208 843 1308 916 micro

288 942 424 1036 scopiis
449 939 633 1038 perspicue
662 942 839 1032 vifibiles,
880 941 1097 1033 tandemque
1121 942 1220 1014 telam
1247 957 1321 1012 cour

291 1056 416 1133 texere
434 1033 620 1134 exiguam,
646 1039 703 1114 cui
727 1037 926 1112 inhaereant
943 1039 1090 1130 immota
1122 1053 1222 1130 atque
1241 1035 1309 1108 intu-

289 1136 448 1232 meicant
464 1138 499 1210 in
515 1137 682 1232 Fungos,
702 1136 830 1229 quibus
845 1135 1000 1210 debeant
1014 1135 1201 1230 originem.
1231 1135 1310 1238 Quo

289 1236 360 1332 llio
396 1235 478 1306 inde
509 1231 647 1323 oritur,
687 1248 805 1306 utrum
829 1232 942 1327 Fungi
980 1233 1023 1304 ad
1051 1236 1252 1324 vegetabitur,
1279 1250 1310 1302 tu

290 1354 384 1428 uero
412 1331 454 1403 ad
475 1337 626 1404 animalia
642 1331 767 1404 referri
786 1327 967 1404 debeant?
995 1332 1056 1402 uel
1076 1331 1196 1416 etiam,
1214 1349 1310 1403 anno·

208 1440 210 1444 ’
289 1453 378 1510 ‚uum
413 1429 560 1502 formari
598 1429 729 1500 debeat
757 1449 904 1521 regnum
935 1441 1095 1514 naturae,
1132 1425 1223 1520 quod
1250 1445 1309 1499 ncu-

294 1545 386 1602 trum
414 1525 472 1601 seu
504 1530 675 1598 coroticum
696 1523 875 1597 vocetur?
923 1525 983 1597 An
1012 1525 1142 1618 Polypi
1161 1525 1226 1598 huc
1246 1521 1309 1595 reic-

289 1621 423 1698 rendi?
470 1621 530 1694 An
554 1622 748 1696 Moleculae
768 1623 877 1710 vivae,
902 1626 1053 1695 animalia
1066 1619 1221 1718 injicsorio
1233 1619 1310 1704 dtur,

287 1723 364 1799 huc
381 1717 587 1793 trallendae?
612 1713 719 1812 a'tque
742 1720 815 1794 hoc
839 1721 882 1792 ad
909 1718 1019 1812 ipsum
1046 1719 1250 1793 fermentum
1270 1715 1310 1790 scu

286 1817 518 1910 ¹putredinem
560 1839 676 1910 prope
712 1816 863 1890 accedit.
926 1815 1236 1890 .Transscribamus
1260 1811 1310 1908 ipla

291 1913 510 2010 Illustritlimi
532 1911 703 1990 Autiorio
727 1915 854 2006 verba,
872 1913 1035 2007 &ipsum
1059 1913 1186 2006 postea
1215 1912 1308 1987 iuver·

293 2029 368 2084 tum
392 2013 626 2108 admiremur,
658 2033 732 2105 quo
752 2012 828 2105 ipso
855 2011 1032 2085 conclaue
1055 2009 1227 2085 reseratur
1244 2004 1306 2104 peri

294 2112 341 2183 tis
374 2110 520 2203 mystis,
550 2111 704 2184 maxima
735 2108 953 2183 ostensurum
987 2123 1125 2181 natura
1161 2105 1305 2182 miracuta.

293 2209 376 2282 Nos
406 2230 495 2279 vero
524 2209 595 2282 hoc
624 2207 813 2281 inventum
848 2206 940 2280 tanti
978 2205 1210 2296 aestimamus,
1243 2197 1307 2276 uti

293 2327 369 2378 non
406 2305 474 2376 alia
511 2305 692 2377 exstarent
719 2303 842 2378 summi
870 2304 953 2377 Viri
983 2317 1234 2388 monumenta,
1260 2301 1308 2371 hot

286 2405 412 2474 'tamen
434 2401 543 2473 solum
571 2401 807 2474 immortalem
831 2399 967 2475 austori
994 2399 1219 2476 illustriffimo
1237 2415 1309 2493 part·

286 2497 349 2571 ‘ret
363 2499 527 2594 gloriam.
578 2499 702 2572 Verba
723 2495 895 2572 Aufiloris
917 2497 1016 2571 sunt:

279 2602 281 2608 ’
390 2594 647 2669 USTlLAGO
668 2595 757 2688 saepe
773 2595 864 2670 adeo
885 2594 936 2668 est
953 2593 1123 2689 copiosa,
1143 2607 1184 2668 ut
1200 2591 1306 2668 tertium

294 2710 355 2767 aut
370 2708 529 2788 quartam
549 2693 621 2787 agri
641 2709 776 2788 partem
794 2709 973 2787 occupet,
1005 2705 1046 2766 ut
1070 2693 1195 2766 omnia
1210 2707 1306 2788 grant,

294 2795 380 2866 loco
405 2791 528 2866 farinae
551 2793 660 2881 albae,
693 2793 846 2884 pulvere
865 2803 944 2863 acro
968 2790 1035 2863 smt
1051 2790 1209 2884 impleta
1255 2779 1304 2891 lli·

294 2890 453 2962 curatior
471 2891 547 2980 ejus
568 2889 878 2982 permicroscopia
896 2888 1135 2979 examinatio,
1152 2887 1185 2962 ἃ
1201 2899 1305 2977 expeu-

293 2999 412 3056 menta
439 2988 517 3077 plus
546 3004 649 3078 quam
677 2986 816 3059 centies
837 2983 1012 3072 instituta,
1035 3006 1093 3058 me
1116 2987 1305 3064 docuerunt,

293 3082 477 3171 pulvorem
495 3083 707 3156 huncmeris
720 3082 883 3156 constare
896 3081 1074 3178 globulis,
1099 3081 1239 3176 parvis,
1254 3073 1306 3170 ptl·

292 3180 442 3265 lucidis,
470 3181 580 3272 nigris
599 3181 696 3253 intus
718 3178 919 3272 puntlulis,
948 3201 1025 3272 quae
1048 3199 1123 3253 ova
1148 3179 1223 3254 sunt
1243 3169 1305 3246 insu

293 3275 429 3349 {totum
450 3277 592 3350 infinite
611 3277 790 3352 subtilium
811 3290 873 3350 aut
899 3278 1023 3371 potius
1042 3277 1303 3351 vermiculorum·

293 3374 381 3446 Haec
406 3397 500 3462 ova,
530 3376 590 3448 ubi
628 3375 665 3448 in
696 3373 846 3447 humido
876 3375 909 3446 δι
940 3390 1043 3448 certo
1071 3375 1202 3448 caloris
1224 3361 1304 3473 gradi

292 3473 543 3557 collocantur,
573 3472 649 3545 exit
670 3487 732 3544 aut
753 3473 955 3545 excluditur
975 3472 1224 3546 animalculum
1248 3481 1304 3536 ou·

292 3567 431 3655 forme,
450 3568 546 3659 quod
564 3569 599 3642 in
617 3584 780 3666 extremo
796 3571 996 3664 rumpitur,
1012 3570 1045 3643 oc
1063 3590 1222 3665 magnam
1237 3575 1303 3635 0v0·

291 3681 367 3732 rum
385 3666 526 3754 copiam
555 3665 736 3758 relinquit.
935 3675 942 3694 ·

280 3759 284 3764 ’
385 3756 460 3830 Ubi
478 3760 656 3835 Triticum
679 3763 890 3856 trituratur,
918 3763 1070 3857 plurima
1093 3781 1200 3857 gram
1216 3751 1303 3830 utute

289 3853 373 3948 gine
398 3853 530 3930 infecta
552 3873 811 3951 conteruntur,
832 3860 866 3933 or
896 3859 1139 3935 adhaerescunt
1162 3859 1232 3932 huc
1251 3863 1304 4014 Ἥ
