2766 4806
285 219 357 302 49⁸
598 171 722 278 irum
744 185 1064 282 meramnum

268 380 459 463 qustrandi
475 395 622 478 gentes,
650 406 729 476 que
751 406 876 458 coram
899 384 1049 460 videndi
1071 387 1171 461 nulla
1195 409 1352 484 unquam

284 475 524 576 suissetspes‚
552 480 729 576 imprimis
746 481 935 558 consortio
946 495 1053 557 utens
1071 485 1168 578 uiri,
1194 486 1262 580 qui
1280 491 1352 564 abe
1370 528 1374 543 ·

289 583 359 678 q'ue
383 578 497 653 dubio
529 580 693 654 omniurn
709 581 922 656 nautarum
952 583 1108 656 maxime
1132 583 1186 657 est
1220 584 1376 664 sciendi*

288 678 462 775 cupidus,
487 677 622 770 quique
646 676 795 771 ipsemet
818 680 967 776 propria
986 697 1096 755 manu
1122 683 1289 776 plurima
1310 707 1352 758 ra·

287 779 387 856 riora
410 775 593 850 Animalia
618 774 806 869 Piscesque
830 775 1032 854 delineavit
1048 773 1126 872 (a).
1190 780 1353 858 Multum

288 894 436 974 quoque
458 872 502 947 ad
526 873 597 947 hoc
620 874 781 947 contulit
806 873 913 949 favor
940 873 1085 950 Parrum
1110 876 1352 954 Academico

286 994 389 1064 turn,
417 971 478 1066 qui
502 993 560 1045 me
588 971 828 1048 universalem
866 973 959 1048 hanc
982 973 1087 1047 orbis
1114 975 1352 1052 Academiam

288 1071 468 1158 visurum,
498 1070 721 1165 perbenigne
741 1068 986 1174 sublevaruqt.
1037 1072 1137 1170 Apte
1162 1076 1257 1150 anni
1290 1077 1348 1172 spa·

288 1172 379 1246 tium
406 1167 525 1264 sospes
562 1167 703 1242 relidlas
730 1167 885 1246 salutans
926 1167 1062 1258 musas,
1084 1171 1140 1243 'dr
1170 1169 1350 1266 specimen

288 1269 532 1346 academicum
562 1265 599 1340 in
626 1265 743 1340 lucem
762 1267 947 1358 editurus,
979 1281 1020 1340 ut
1038 1269 1260 1363 plerumque
1283 1274 1353 1348 fieri

286 1370 401 1459 solet,
426 1365 551 1440 navita
579 1363 623 1436 de
655 1366 778 1438 ventis
798 1386 975 1455 narrans,
1014 1364 1261 1445 suaviffimum
1299 1375 1352 1446 nri-

236 1529 242 1540 .
285 1467 324 1542 lri
343 1463 394 1538 est
411 1461 617 1558 preteritos
637 1477 804 1556 repetere
820 1462 979 1550 labores,
1004 1463 1039 1535 dr
1063 1487 1142 1561 qua·
1162 1466 1203 1539 in
1224 1469 1354 1545 itinere

286 1563 364 1638 vidi
383 1574 514 1637 notatu
532 1558 661 1654 digna,
687 1562 850 1636 breviter
864 1559 1165 1638 commemorare.
1221 1565 1354 1644 Oleum

287 1681 510 1758 operamque
529 1679 587 1731 me
606 1679 683 1732 non
703 1653 871 1733 existimo
894 1657 1105 1754 perdidisse,
1137 1661 1161 1734 fi
1190 1667 1258 1737 vel
1281 1668 1352 1742 uni

286 1781 367 1835 cam
397 1757 558 1833 Plantam
593 1768 657 1829 aut
690 1755 864 1831 insenum
901 1756 1077 1831 detexero
1108 1773 1222 1834 antea
1254 1764 1352 1862 igno·

168 1915 171 1924 .
285 1871 376 1941 tum.
427 1853 597 1930 Scientiae
622 1854 876 1934 enimcumuli
901 1855 1133 1932 formicarum
1158 1859 1279 1951 instar
1304 1885 1350 1950 ae·

286 1957 473 2044 crescunt,
499 1953 660 2048 qualibet
674 1954 826 2028 formica
844 1955 984 2047 paleam
996 1953 1188 2030 afferente.
1217 2005 1221 2012 -
1246 1959 1348 2036 ltine·

285 2059 337 2136 ris
358 2057 396 2132 in
422 2052 575 2128 Chinam
595 2073 782 2148 exponere
796 2051 960 2126 diffusam
981 2054 1251 2146 narrationem,
1264 2057 1348 2136 haud

287 2178 409 2251 opere
440 2151 599 2264 pretium
625 2152 735 2262 duxi,
762 2171 852 2254 ,cum
873 2151 909 2226 in
939 2151 995 2226 his
1025 2151 1112 2265 mihi
1132 2157 1278 2246 ¹otium
1309 2157 1343 2234 se

285 2445 411 2544 paucis
428 2444 550 2518 saltem
573 2445 751 2537 narrabo,
778 2466 861 2540 quae
879 2446 916 2519 in
941 2445 1108 2539 quolibet
1128 2449 1224 2524 loco
1251 2452 1351 2526 inve·

285 2545 325 2622 ni
354 2557 492 2620 nature
521 2540 716 2635 prodqdla,
752 2541 807 2632 dr,
838 2543 862 2618 sr
901 2563 1000 2617 nova
1031 2544 1194 2636 quedam
1228 2549 1351 2638 fuere,

286 2637 546 2738 compendiosa
563 2638 806 2735 descriptione
828 2639 1073 2730 adumbrabo,
1100 2655 1143 2718 ut
1165 2644 1354 2722 Doctores

285 2743 372 2830 inde
395 2739 566 2830 eliciant,
605 2761 683 2838 que
708 2741 752 2814 ad
778 2739 865 2814 artis
888 2737 1152 2835 persensissem
1178 2745 1353 2822 conferre

285 2838 546 2918 intellexerint.
1106 2857 1110 2868 ·

306 3007 310 3027 „
388 2942 458 3030 176
459 2957 493 3026 5.
505 2934 683 3012 Decemb.
699 2946 756 3018 28.
773 2932 1186 3015 GOTHOBURGUM
1204 2937 1353 3033 reliqui·

284 3055 378 3123 mus,
397 3035 501 3108 Laris
521 3033 727 3110 inmultum
743 3055 841 3108 mare
858 3057 927 3111 nos
944 3033 1224 3113 comitantibus:
1260 3039 1352 3137 Ingil-

284 3138 335 3211 las
350 3129 577 3209 FERREAS
592 3133 784 3229 pluresque
806 3133 976 3230 regiones
994 3132 1242 3228 praetervesti.

384 3235 490 3325 1766.
515 3230 677 3321 Febrrs.
707 3229 828 3328 Gades
865 3229 988 3326 portui
1025 3232 1258 3328 appulimus,
1297 3233 1354 3310 ubi

285 3331 330 3406 ad
348 3329 473 3428 oppid.
494 3326 641 3404 PORT.
656 3327 727 3402 ST.
742 3329 925 3404 MARIAE
943 3331 1071 3405 hortos
1093 3327 1349 3426 Hesperidum,

285 3429 399 3506 Citris
423 3425 663 3526 &Aurantiis
687 3428 796 3502 cultis
817 3427 1003 3518 virentes,
1030 3424 1119 3504 vidi.

1374 2847 1378 2940 l

1241 3527 1378 3602 Mars.

284 3647 516 3780 ms
556 3700 622 3752 erat
654 3688 707 3769 qui
739 3642 978 3749 reste-dstexit
1016 3680 1222 3752 TERMES
1253 3689 1347 3773 sam

363 3774 464 3858 (Syst.
486 3773 556 3848 Nep.
584 3790 613 3852 p.
638 3773 745 3849 1015.)
773 3767 806 3829 dr
831 3763 1169 3860 scouopunonnm
1197 3769 1349 3868 pisoy*

295 3883 304 4011 i
362 3845 1221 4032 aerumnis.r.·.‡.0⁶n>s.lmumnt
1234 3870 1349 4018 ren

365 4039 396 4104 n·
416 4016 518 4137 asiel·
