2688 4752
1 169 2 244 l
271 156 532 240 venturas
566 154 814 244 munuum.
998 185 1069 262 ιο,

24 362 118 418 nana
139 343 291 416 vocales
314 339 458 436 lingua,
480 340 682 418 courville.
735 337 930 417 temus
958 337 1073 416 rot„

23 441 100 516 LlO
125 439 308 514 Muraenas
326 440 480 514 bumana
500 459 609 516 carne
626 437 743 534 pastas
758 439 937 534 apposuit.
989 439 1074 512 HE·

23 535 341 612 LlOGABALUS
351 535 597 612 Luscinlarum
613 537 765 632 linguas,
780 537 920 612 Pfittaci
938 535 1073 628 capita,

23 636 207 708 Gallorum
224 633 371 725 cristas,
392 631 622 710 Camelorum
639 634 792 709 calcaria
816 633 990 710 convivis
1013 655 1074 726 ap·

21 733 156 828 posuit,
194 731 284 806 teste
314 732 516 826 Spartano,
558 731 592 808 ἃ
623 755 691 808 100
720 732 971 808 struthionum
1000 751 1075 806 una

22 853 114 906 tuna
136 821 279 904 edenda
301 830 503 922 terebella,
530 831 716 923 adhibuit,
743 843 896 906 notante
910 827 1074 924 Lampri-

23 928 86 1002 tlio.
142 927 309 1002 PUBLll
332 925 480 1017 MIMI,
513 925 702 1024 postquam
732 928 941 1002 servitutem
964 947 1076 1002 exue·

21 1043 79 1120 rat,
92 1026 172 1101 fine
187 1026 396 1100 Abdomine
411 1027 509 1100 nulle
525 1047 626 1100 coena
647 1039 880 1100 memoratur.

101 1121 1074 1216 SUMEN,Romanorumdeliciequ'squeadeocorn·

19 1245 120 1298 nune
147 1219 222 1296 effe
246 1233 426 1316 coeperat,
452 1233 495 1296 ut
517 1220 616 1316 usutn
642 1223 748 1314 huius
778 1221 958 1317 Legibus,
986 1243 1075 1314 quas

21 1323 164 1410 dicunt,
197 1318 431 1409 Sumtuariis,
465 1317 662 1414 prohibere
689 1332 933 1414 cogerentur,
966 1339 1075 1411 quum

20 1441 122 1492 omne
152 1416 243 1490 alias
267 1415 417 1490 Suillutn
439 1437 553 1510 genus
569 1417 677 1507 luxu,
695 1417 793 1492 forte
810 1437 875 1511 per
890 1429 1005 1490 totam
1020 1437 1076 1490 re·

18 1517 188 1614 pionem,
209 1515 367 1588 deletum
383 1513 513 1588 luillet.
565 1515 699 1590 Sumen
724 1534 817 1588 vero
834 1513 967 1608 triplex
985 1527 1074 1588 erat.

22 1636 48 1688 t.
76 1617 196 1688 Vulva
218 1615 296 1688 Suis
317 1613 476 1706 grasello.
531 1635 565 1692 c.
597 1616 708 1687 Vulva
728 1615 807 1686 Suis
825 1619 992 1706 uirginis,
1011 1613 1077 1708 seu

12 1713 146 1808 sterilis.
202 1733 250 1812 3.Ι
267 1713 378 1786 Vulva
404 1733 467 1784 uno
496 1713 546 1784 alie
572 1711 643 1808 post
671 1726 807 1808 porrum
835 1711 966 1808 casella.
1014 1705 1077 1782 Au

18 1811 86 1886 bec
109 1807 255 1884 accedit
273 1807 557 1882 ABDOMEN
573 1829 653 1882 cum
672 1809 805 1899 ubere,
827 1828 904 1880 uno
920 1807 979 1880 die
994 1805 1077 1902 post

19 1925 158 2000 partum
178 1903 802 1991 occisaSue,a.loetunoubaullum.
831 1903 1078 1998 Hecaliaque

18 2007 67 2079 his
88 2004 240 2102 gemina
259 2001 432 2077 foediffimi
457 2023 592 2076 nomen
620 2003 726 2076 luxus
751 1999 847 2076 haud
874 1999 984 2076 dubie
1003 2021 1077 2074 me·

18 2119 152 2180 rentur.
202 2100 265 2175 Ab
292 2100 364 2174 hoc
393 2121 485 2175 vero
510 2099 649 2174 alienus
674 2097 725 2172 est
750 2099 871 2192 huius,
914 2119 963 2172 uo
981 2096 1077 2169 vivi-

19 2223 105 2291 nus,
123 2200 199 2275 aevi
217 2199 491 2294 luxuqquippe
512 2217 616 2290 quem
644 2197 682 2272 in
713 2197 820 2285 Thea,
845 2200 874 2270 C
917 2219 975 2285 ea,
999 2199 1078 2270 Sos·

19 2307 182 2386 claratis,
212 2299 331 2384 Vsus,
357 2291 632 2394 Comeffatiom'las
654 2293 736 2390 post
765 2315 902 2370 emnam
925 2294 963 2368 in
985 2277 1078 2368 tllul·

20 2411 85 2470 tarn
111 2395 285 2483 nouem,
317 2393 464 2468 chordis
492 2393 665 2484 Mulrcis,
696 2392 940 2484 similibusque
962 2390 1078 2466 confi·

20 2495 106 2573 llere
133 2493 322 2572 novimus.
388 2491 472 2566 Huc
497 2493 745 2587 temporationes
771 2490 836 2566 suo
862 2487 972 2564 etlam
996 2489 1077 2582 jura

1 2595 244 2686 ‚referentum
270 2587 354 2664 dum
381 2609 515 2684 corpus
533 2588 722 2682 permultis
740 2587 925 2679 variisque
943 2585 1077 2661 inebri-

20 2693 188 2777 antibus,
216 2688 325 2761 Mcro
351 2685 514 2776 scilicet,
542 2683 746 2778 Cerevisra,
773 2683 982 2778 spirituque
1006 2685 1081 2760 lru·

22 2789 129 2862 nenti
153 2784 360 2874 incalescit,
387 2805 429 2856 ae
452 2781 556 2876 supra
578 2783 725 2858 modurn
745 2795 930 2856 oneratur.
982 2777 1080 2856 Con·

23 2903 70 2958 tra
99 2901 225 2959 autem
259 2881 295 2956 id
315 2903 431 2964 ,omne
456 2881 531 2954 cibi
557 2901 693 2976 genus,
722 2879 844 2974 quod,
867 2879 970 2952 varie
992 2877 1082 2954 licet
1136 2915 1140 2922 ⁴

21 2997 259 3076 preparatum
287 3001 330 3054 ac
358 2975 646 3064 diversrllimuan,
670 2999 692 3049 e
714 2975 842 3052 nostro
865 2988 986 3054 minen
1018 2998 1081 3072 pe·

21 3100 66 3154 nu
90 3081 350 3174 deprensum,
377 3089 439 3152 aut
468 3097 585 3168 parvo
618 3073 739 3150 saltem
774 3089 909 3148 emtum
949 3075 1081 3150 lrabea-

22 3200 119 3268 nus,
148 3197 336 3272 perperam
364 3177 469 3248 luxus
506 3171 686 3248 nominari
713 3173 906 3252 credimus.
966 3171 1084 3346 (fluide

23 3277 103 3366 quid
127 3274 228 3350 enirn
250 3275 296 3346 ab
321 3275 438 3346 altero
459 3271 713 3361 comedamus,
741 3272 889 3346 alterius
914 3292 977 3365 par
1004 3291 1082 3344 rno-

22 3375 77 3445 nia
96 3373 173 3446 cibi
195 3385 362 3466 tanquam
383 3370 646 3462 compensatur.
690 3367 826 3461 Neque
846 3369 937 3440 iero
956 3369 1082 3440 luxum

21 3471 270 3562 appellemus,
297 3469 415 3560 nquis
434 3467 595 3550 Ribeln,
623 3464 772 3554 Cerasa,
800 3465 939 3555 Pruna,
962 3465 1082 3537 Melo·

22 3589 107 3656 nes,
134 3566 271 3654 Poma,
298 3567 410 3659 Pyra,
429 3563 546 3657 qualia
572 3566 651 3636 suus
676 3563 736 3656 ipli
762 3563 927 3636 hortulus
956 3563 1082 3656 suppe-

21 3665 140 3752 ditat,
167 3664 394 3758 apposuerit,
421 3675 484 3736 aut
510 3683 530 3740 e
556 3662 647 3734 cella
669 3659 948 3754 pecuariaLac,
970 3661 1081 3755 Buty-
1116 3694 1122 3702 ·

21 3785 124 3851 rum,
151 3761 320 3846 Caicum,
346 3761 525 3848 Lardutn,
547 3757 774 3850 Tomaculs,
797 3757 951 3833 Botulus
969 3759 1005 3830 be
1019 3759 1117 3866 εἰσ-η

19 3861 134 3954 nique
166 3857 265 3936 lsrcia
286 3855 547 3954 ‘depromseritq
585 3855 658 3934 hoc
689 3858 811 3952 enim,
846 3855 1080 4026 quantumvis

514 3981 518 3992 ·
989 3973 1081 4028 mu·
