2716 4748
264 181 337 271 358
559 155 700 248 CURA
733 163 1035 246 Garutianus,

265 339 565 445 quemadmodum
595 348 791 440 Ampbibla
818 347 1014 435 testantur,
1057 365 1135 440 quae
1174 345 1319 438 reliquls

265 447 481 524 animalibus
498 449 578 539 plus
595 448 722 520 viscidi
741 447 895 534 forent,
923 459 1023 538 patet
1041 463 1104 516 cur
1123 443 1320 518 Assbma&

266 543 448 618 Cachexia
466 565 541 620 non
560 565 644 616 raro
665 543 839 617 viscidum
869 543 1102 616 comitentur.
1154 541 1253 613 Salia
1281 543 1320 612 ad

264 641 486 716 Scorbutum
507 640 714 736 disponunt.
766 640 857 713 Non
877 661 998 735 nego,
1025 639 1122 712 haine
1140 660 1160 711 a
1177 637 1320 710 diverse

266 739 378 816 cautim
411 739 648 813 derivandum
673 736 765 823 offer
802 738 923 812 sedin
960 735 1237 828 septentrionali
1261 757 1321 808 no·

265 833 336 914 stra
360 851 469 922 terra,
495 837 558 912 ubi
577 857 719 925 carnes,
740 835 877 909 diutius
895 834 1123 922 asservandae,
1147 833 1219 906 sale
1241 855 1322 906 con·

189 979 192 986 ·
267 933 337 1010 dirl
363 935 519 1024 debent,
557 933 671 1009 &ubi
696 933 812 1006 virtus
840 933 1055 1027 vegetabilis
1079 930 1130 1003 est
1160 931 1324 1023 parcior,

269 1050 423 1106 carneus
448 1053 542 1104 vero
577 1031 827 1125 frequentior,
865 1053 970 1122 quem
1009 1027 1231 1119 fastidimus,
1267 1027 1325 1104 nili

268 1130 429 1225 plurimo
447 1129 525 1203 salis
552 1129 828 1225 conspergatur,
855 1127 1078 1214 &tandem
1113 1128 1175 1200 ubi
1206 1123 1325 1200 rustici

268 1225 385 1306 nostri
413 1229 555 1302 halecea
581 1229 696 1302 muria
729 1224 900 1304 conditos
929 1225 1066 1318 semper
1097 1224 1175 1296 sere
1210 1244 1325 1298 coma·

270 1325 385 1414 dunt,
411 1323 612 1398 Scorbutus
633 1323 861 1418 frequentior
878 1338 1049 1416 apparet,
1078 1343 1186 1414 quam
1205 1321 1245 1396 in
1266 1333 1326 1392 ter·

182 1418 186 1426 ’
270 1421 321 1498 ris
338 1421 619 1496 australioribus.
648 1417 1324 1505 HiucetiamNobilioresnostratiun,

273 1521 384 1602 cibos,
402 1516 505 1592 salsos
533 1535 712 1606 renuunt,
750 1540 831 1593 cum
861 1519 1022 1609 alioquin
1046 1517 1219 1590 Scorbuti
1246 1515 1325 1609 syru-

270 1629 437 1712 ptomata
454 1615 620 1691 sentiant.
649 1615 781 1690 -Saliva
797 1617 1119 1702 Scorbuticorum,
1141 1635 1223 1704 quae
1248 1616 1327 1706 sepe

273 1711 325 1786 est
352 1711 456 1802 salsa,
497 1713 684 1804 uriooeque
710 1713 942 1787 sedimentum
971 1712 1083 1786 salino
1109 1713 1327 1794 calcareum,

270 1809 312 1885 in
335 1812 495 1904 apricum
513 1817 677 1902 ponunt,
717 1811 850 1884 riflum
884 1808 1002 1884 salsum
1031 1831 1106 1882 non
1136 1829 1267 1902 parunt
1290 1807 1326 1881 ad

271 1903 480 1985 scorbutum
499 1907 679 1986 conferre.
732 1907 859 2004 Quid?
889 1907 1000 2000 quod,
1018 1905 1327 1982 exobseruatione

274 2005 551 2103 Euperlmtifflmi
580 2006 630 2080 D.
659 2007 708 2081 D.
738 2009 852 2096 Bluu,
881 2028 985 2098 quam
1017 2026 1092 2081 noo
1123 2004 1175 2077 ita
1197 2005 1327 2096 pridem

274 2123 340 2198 per
365 2106 501 2179 litteras
537 2124 617 2178 cum
649 2103 703 2181 Ill.
728 2103 830 2178 Dnu.
858 2103 1005 2177 Praesrde
1023 2103 1325 2190 communicavit,

276 2201 440 2286 constat,
461 2200 700 2277 Arthriticum
716 2200 906 2295 quendam,
922 2200 1108 2274 devoratis
1129 2211 1226 2280 1800
1241 2197 1327 2271 asla-

275 2311 314 2369 te
344 2299 563 2388 praeoedenti
589 2301 684 2370 bolis
712 2301 815 2374 Dme
841 2301 1014 2394 Steplrens,
1051 2297 1205 2372 maculis
1234 2296 1328 2371 Scor·

275 2394 426 2483 huticis,
443 2396 646 2488 ceterisque
664 2397 772 2488 htrjus
789 2395 907 2471 morbi
924 2394 1243 2488 symptomatibus,
1262 2414 1327 2490 gra·

275 2488 413 2566 villime
437 2499 646 2586 correptum
672 2491 792 2568 suillo:
826 2515 913 2586 quas
936 2491 1217 2584 consequentias
1242 2491 1266 2563 sr
1291 2509 1329 2564 ex

277 2588 390 2664 nimia
424 2587 503 2664 salia
539 2590 685 2668 alkalini
713 2584 846 2684 copia,
883 2611 989 2684 quam
1027 2590 1225 2664 continent
1261 2585 1329 2661 boli

244 2777 251 2793 1
277 2681 560 2782 lithontriptici,
580 2689 820 2786 derivavero,
849 2710 923 2764 non
943 2691 1088 2784 longera
1105 2687 1266 2762 veritate
1282 2705 1328 2758 me

235 2847 259 2866 ,,
279 2783 410 2875 abesse,
427 2784 653 2866 crediderim.
690 2783 807 2858 Mitto
821 2785 955 2859 Ulcera
967 2783 1195 2870 cacoithica,
1209 2785 1326 2878 quibus

278 2896 431 2968 natura,
452 2883 539 2954 loco
566 2882 850 2970 fonticulorum,
883 2885 997 2955 utitur
1021 2881 1068 2956 ad
1088 2883 1328 2959 evacuandum

279 2977 471 3050 humorem
494 2978 662 3068 salinum,
695 2981 921 3073 frequentius
945 2981 1029 3053 illos
1060 2977 1255 3066 infestare,
1278 2977 1329 3070 qui

282 3074 321 3148 in
350 3072 597 3170 septentrione
625 3080 778 3166 vivunt,
813 3077 848 3150 δι
873 3076 971 3151 vitiu
989 3076 1111 3151 salino
1139 3073 1331 3173 defungun-

282 3184 353 3244 tur.
403 3170 452 3245 Et
477 3177 649 3267 quoniam
675 3174 847 3250 viscidum
866 3197 911 3250 ex
932 3175 1054 3248 calore
1079 3174 1266 3267 dimanat,
1290 3171 1308 3246 s
1320 3211 1330 3226 ·

284 3270 406 3362 quitur
422 3293 468 3347 ex
494 3272 676 3348 axiomata
700 3273 964 3367 oppositionis,
994 3270 1091 3364 quud
1120 3271 1238 3368 frigus
1261 3291 1331 3364 cry·

282 3365 516 3442 stallitionem
535 3385 762 3463 promoveat.
819 3367 970 3443 Calculo
987 3368 1176 3443 obnoxiis
1193 3368 1330 3464 resrigo

283 3465 429 3538 ratione
457 3465 707 3556 paroxysmum
732 3469 944 3554 incurrunt,
970 3465 1143 3559 quoniam
1167 3465 1331 3562 crystalli·

282 3559 374 3633 satio
395 3561 479 3635 inde
497 3559 635 3638 Calculi
659 3579 820 3659 augetur.
872 3563 1062 3658 Podagrici
1088 3561 1224 3640 eleeto
1243 3562 1330 3655 aqui

283 3657 408 3730 lonem
429 3657 463 3730 u
484 3681 608 3734 eurrrm
631 3662 863 3756 presagium,
888 3683 933 3736 ex
956 3649 1175 3754 paroxysmo
1194 3679 1331 3736 exacer-

282 3753 394 3844 bato,
420 3757 470 3828 ob
488 3757 822 3850 crystallisationem
842 3757 986 3846 salium;
1019 3755 1159 3834 necesse
1172 3758 1272 3834 euim
1289 3751 1330 3830 est

282 3849 381 3950 quod
409 3851 598 3948 crystallus
623 3855 740 3953 maior
768 3857 880 3955 magis
903 3869 1051 3960 pungat.
1103 3854 1328 3946 ischiadicos

1265 3969 1327 4028 aaa·
