2640 4744
281 279 353 367 276
538 263 761 346 SPIRITUS
792 270 1078 351 FRUMENTI.

279 460 471 544 potatores
493 445 685 526 ¹videamus
719 459 980 545 nonnunquam
1011 451 1176 546 pingues,
1205 449 1301 542 quod,

280 561 419 622 natrano
441 546 566 641 utique
587 549 752 644 singulari
769 550 999 622 tribuendum
1021 547 1092 638 est,
1115 571 1187 641 quae
1204 563 1302 640 partes

280 645 424 719 acribus
442 646 599 718 maxime
616 649 796 740 expositas
819 647 1039 742 pinguedine
1056 647 1235 732 obvolvit,
1253 667 1303 716 un·

280 744 325 814 de
355 742 566 816 intestinum
594 745 731 819 reslum
769 747 980 840 plerumque
1009 745 1171 840 pinguius
1193 741 1303 832 est,dt

277 863 386 914 renes
407 842 666 936 plerorumque
686 843 914 930 animalium,
941 843 1155 938 pinguedine
1169 840 1303 914 sumob·

278 939 388 1017 dubii.
441 939 634 1014 Bibacibus
661 957 760 1013 certe
784 940 967 1014 interdum
997 940 1303 1035 pinguescentibus,

278 1036 374 1110 idem
396 1037 549 1124 accidit3
578 1037 638 1111 sed
658 1038 841 1134 pinguedo
868 1039 945 1112 hac
966 1040 1153 1113 laudabilis
1169 1058 1236 1112 non
1254 1033 1302 1120 cst,

277 1134 375 1210 unde
391 1135 515 1229 pallidi
537 1136 645 1229 etjam
667 1149 775 1229 atque
792 1134 1032 1210 tumescentes
1050 1135 1302 1230 conspiciuntur.

373 1333 494 1407 Reddit
512 1331 618 1425 fibros
636 1330 848 1424 fragiliores,
873 1331 968 1424 quod
997 1350 1154 1422 corpora
1178 1331 1213 1403 iu
1241 1328 1314 1399 illu-¹

277 1429 345 1504 seis
370 1429 496 1524 spiritu
512 1431 629 1503 hocce
645 1429 880 1518 conservata,
909 1429 1115 1502 ostendunt.
1165 1425 1302 1501 Suess-

277 1528 402 1616 cibus,
430 1527 511 1619 post
531 1528 736 1601 confectum
758 1531 853 1601 hunc
874 1526 1036 1622 spiritum
1065 1525 1214 1612 refluis,
1240 1521 1303 1618 sagi·

275 1625 354 1698 nati
380 1624 472 1698 adeo
493 1624 653 1720 fragilia,
687 1625 903 1698 observante
920 1623 1173 1710 Hoffmanno,
1197 1624 1303 1696 habent

275 1721 469 1812 intestina,
495 1736 536 1795 ut
561 1722 932 1796 sarcimini·faciendo
952 1721 1015 1794 vix
1037 1721 1237 1796 inservient.
1268 1716 1303 1790 lit

274 1820 320 1893 de
347 1821 526 1894 acerrimo
553 1818 708 1913 quodam
724 1819 836 1913 ,hujus
856 1832 1049 1916 potatore,
1074 1818 1150 1894 ase
1172 1815 1301 1901 dissedu,

230 2007 232 2012 ¹
275 1919 486 2013 Detlurdlng
500 1931 634 2010 narrat,
645 1917 864 1992 fuiuefibras
881 1919 959 2012 ejus
976 1917 1191 1994 musculares
1204 1933 1303 1990 omnes

274 2029 385 2092 tantae
402 2015 629 2113 fragilitatis,
652 2031 694 2091 ut
709 2015 896 2111 hamulus,
914 2014 974 2090 seu
992 2016 1093 2092 ansas
1110 2016 1303 2094 anatomico

271 2135 375 2208 rum,
403 2135 481 2190 non
501 2113 725 2191 sustinerent.
866 2211 884 2286 I

270 2349 272 2356 a
368 2311 490 2386 Annis
518 2310 733 2384 commutari
753 2332 910 2406 corpora
931 2311 1066 2400 nostra,
1085 2324 1193 2406 atque
1210 2331 1227 2382 a
1246 2305 1300 2400 pul·

269 2408 366 2505 polis
385 2410 418 2481 ἃ
436 2408 666 2481 mollioribus
684 2406 807 2500 libris,
835 2411 879 2482 ad
906 2411 1037 2503 rigidas
1065 2431 1111 2482 ac
1138 2410 1252 2490 duras,
1277 2399 1300 2472 id

154 2501 158 2510 “
270 2507 344 2594 est,
375 2505 614 2597 sencilutem,
640 2527 709 2578 nos
738 2507 886 2600 perduci
910 2523 1038 2581 notum
1059 2507 1126 2581 est.
1177 2495 1305 2598 Spiritus

269 2605 380 2700 igitur
413 2603 585 2678 frumenti
623 2603 907 2696 intemperanter
945 2602 1079 2680 sumtus
1115 2603 1300 2680 senectutem

268 2701 1184 2796 accelerat,vitamquenostramredditbreviorem.
1214 2705 1299 2774 sarad·

267 2826 307 2875 ns
325 2804 361 2875 de
373 2801 512 2875 Homine
524 2818 602 2896 pag.
617 2805 701 2895 469.
753 2799 928 2874 Batavum
948 2802 1126 2892 quendam
1143 2801 1245 2875 refert
1257 2817 1299 2882 40·

267 2921 469 2990 annorum,
490 2899 550 2991 qui
573 2898 670 2972 hunc
687 2897 846 2991 spiritum
867 2898 1111 2988 sorbillando,
1134 2901 1300 2972 lineamen

267 3010 326 3084 ta,
353 2996 493 3091 geslus,
519 2995 650 3068 faciem
675 2995 708 3068 dc
731 3017 844 3068 canos
868 2997 1038 3081 haberet,
1068 2998 1174 3071 annis
1192 2995 1301 3087 septua-

265 3095 368 3188 ginta
390 3092 532 3188 prorsus
551 3091 864 3169 adcommodatus.
917 3093 959 3166 ln
984 3093 1121 3167 Itinere
1139 3087 1301 3168 Sceneos,

265 3191 311 3262 dc
336 3190 586 3264 conterraneis
614 3189 683 3263 suis
708 3191 912 3264 Smolandis
937 3207 1060 3266 narrat
1085 3193 1189 3265 Nob.
1208 3189 1302 3260 unns

264 3287 417 3378 Praeses,
445 3288 546 3382 quod
571 3309 647 3362 non
675 3289 748 3362 sme
778 3291 1018 3362 admiratione
1050 3291 1195 3362 videret
1229 3287 1303 3356 inter

259 3387 439 3477 rusticos,
472 3386 534 3459 sibi
553 3399 660 3458 atate
682 3388 858 3478 equales,
885 3388 1019 3461 canitie
1049 3375 1304 3481 capillorum&

263 3486 403 3572 barbas,
429 3497 607 3557 tremente
626 3484 747 3577 capite
767 3481 932 3575 facieque
949 3485 1074 3579 rugosa
1094 3485 1195 3559 senes
1214 3476 1304 3554 reser-

261 3604 301 3654 re
334 3581 651 3676 septuagenarios,
690 3603 771 3654 cram
811 3597 929 3654 tamen
962 3584 1025 3655 vix
1062 3578 1303 3674 quinquaginta

260 3679 438 3752 haberent
464 3699 592 3752 annos.
643 3679 820 3750 Mulieres
849 3694 977 3751 contra
1008 3679 1200 3752 admodum
1231 3693 1302 3746 cou-

259 3775 417 3848 servatas
439 3777 628 3869 perhibet,
659 3776 756 3865 quod
789 3777 833 3846 ab
861 3777 932 3848 hoc
952 3777 1075 3870 spiritu
1094 3777 1300 3852 abstineant,

259 3873 426 3965 adeoque
451 3873 485 3942 dc
506 3876 597 3946 hanc
617 3873 893 3948 difformitatem
920 3873 1042 3950 abusui
1074 3876 1182 3968 hujus
1203 3875 1302 3962 liquo·

256 3973 306 4045 ris
336 3969 476 4046 tribuit.
522 4019 527 4030 -
1019 4041 1024 4048 .

1140 4077 1173 4165 §.
1201 4056 1298 4140 xxu.
