<?xml version="1.0" encoding="UTF-8"?>
<!DOCTYPE html PUBLIC "-//W3C//DTD XHTML 1.0 Transitional//EN"
    "http://www.w3.org/TR/xhtml1/DTD/xhtml1-transitional.dtd">
<html xmlns="http://www.w3.org/1999/xhtml" xml:lang="en" lang="en">
 <head>
  <title>
</title>
<meta http-equiv="Content-Type" content="text/html;charset=utf-8" />
  <meta name='ocr-system' content='tesseract 3.04.00' />
  <meta name='ocr-capabilities' content='ocr_page ocr_carea ocr_par ocr_line ocrx_word'/>
</head>
<body>
  <div class='ocr_page' id='page_1' title='image "./carolialinnequi03schrgoog_0241.png"; bbox 0 0 2640 4744; ppageno 0'>
   <div class='ocr_carea' id='block_1_1' title="bbox 260 193 968 313">
    <p class='ocr_par' dir='ltr' id='par_1_1' title="bbox 260 193 968 313">
     <span class='ocr_line' id='line_1_1' title="bbox 260 193 968 313; baseline -0.014 -33"><span class='ocrx_word' id='word_1_1' title='bbox 260 219 329 302; x_wconf 59' lang='grc' dir='ltr'>ης</span> <span class='ocrx_word' id='word_1_2' title='bbox 603 193 968 313; x_wconf 71' lang='lat' dir='ltr'>rorusnnne„</span> 
     </span>
    </p>
   </div>
   <div class='ocr_carea' id='block_1_2' title="bbox 259 375 1295 571">
    <p class='ocr_par' dir='ltr' id='par_1_2' title="bbox 259 375 1295 571">
     <span class='ocr_line' id='line_1_2' title="bbox 259 375 1295 480; baseline -0.002 -24"><span class='ocrx_word' id='word_1_3' title='bbox 259 387 363 480; x_wconf 82' lang='lat' dir='ltr'>giora</span> <span class='ocrx_word' id='word_1_4' title='bbox 387 379 537 452; x_wconf 86' lang='lat' dir='ltr'>haberet</span> <span class='ocrx_word' id='word_1_5' title='bbox 560 377 673 466; x_wconf 80' lang='lat' dir='ltr'>solia,</span> <span class='ocrx_word' id='word_1_6' title='bbox 698 379 762 451; x_wconf 77' lang='lat' dir='ltr'>nifi</span> <span class='ocrx_word' id='word_1_7' title='bbox 787 379 905 467; x_wconf 83' lang='lat' dir='ltr'>major</span> <span class='ocrx_word' id='word_1_8' title='bbox 936 381 971 449; x_wconf 93' lang='lat' dir='ltr'>in</span> <span class='ocrx_word' id='word_1_9' title='bbox 1004 375 1096 449; x_wconf 87' lang='lat' dir='ltr'>flore</span> <span class='ocrx_word' id='word_1_10' title='bbox 1128 376 1295 472; x_wconf 64' lang='lat' dir='ltr'>conspetu</span> 
     </span>
     <span class='ocr_line' id='line_1_3' title="bbox 261 473 1293 571; baseline -0.007 -15"><span class='ocrx_word' id='word_1_11' title='bbox 261 480 381 557; x_wconf 83' lang='lat' dir='ltr'>fuiffet</span> <span class='ocrx_word' id='word_1_12' title='bbox 398 476 627 568; x_wconf 84' lang='lat' dir='ltr'>differentia,</span> <span class='ocrx_word' id='word_1_13' title='bbox 653 479 783 571; x_wconf 80' lang='lat' dir='ltr'>petalis</span> <span class='ocrx_word' id='word_1_14' title='bbox 806 477 845 546; x_wconf 91' lang='lat' dir='ltr'>in</span> <span class='ocrx_word' id='word_1_15' title='bbox 864 474 936 548; x_wconf 89' lang='lat' dir='ltr'>Th.</span> <span class='ocrx_word' id='word_1_16' title='bbox 954 478 1057 548; x_wconf 83' lang='lat' dir='ltr'>Bubee</span> <span class='ocrx_word' id='word_1_17' title='bbox 1074 473 1153 570; x_wconf 85' lang='lat' dir='ltr'>sex,</span> <span class='ocrx_word' id='word_1_18' title='bbox 1181 479 1217 549; x_wconf 94' lang='lat' dir='ltr'>in</span> <span class='ocrx_word' id='word_1_19' title='bbox 1235 477 1293 552; x_wconf 83' lang='lat' dir='ltr'>Th.</span> 
     </span>
    </p>
   </div>
   <div class='ocr_carea' id='block_1_3' title="bbox 259 577 695 682">
    <p class='ocr_par' dir='ltr' id='par_1_3' title="bbox 259 577 695 682">
     <span class='ocr_line' id='line_1_4' title="bbox 259 577 695 682; baseline -0.023 -28"><span class='ocrx_word' id='word_1_20' title='bbox 259 577 366 654; x_wconf 78' lang='lat' dir='ltr'>uiridi</span> <span class='ocrx_word' id='word_1_21' title='bbox 388 595 537 650; x_wconf 84' lang='lat' dir='ltr'>novem.</span> <span class='ocrx_word' id='word_1_22' title='bbox 675 635 695 682; x_wconf 48' lang='grc' dir='ltr'><strong><em>ο</em></strong></span> 
     </span>
    </p>
   </div>
   <div class='ocr_carea' id='block_1_4' title="bbox 595 722 987 798">
    <p class='ocr_par' dir='ltr' id='par_1_4' title="bbox 595 722 987 798">
     <span class='ocr_line' id='line_1_5' title="bbox 595 722 987 798; baseline -0.003 0"><span class='ocrx_word' id='word_1_23' title='bbox 595 723 643 798; x_wconf 92' lang='lat'>11.</span> <span class='ocrx_word' id='word_1_24' title='bbox 673 722 987 798; x_wconf 84' lang='lat' dir='ltr'><strong>DESCRIPTIO.</strong></span> 
     </span>
    </p>
   </div>
   <div class='ocr_carea' id='block_1_5' title="bbox 184 843 1314 3296">
    <p class='ocr_par' dir='ltr' id='par_1_5' title="bbox 264 843 1298 1213">
     <span class='ocr_line' id='line_1_6' title="bbox 264 843 1296 935; baseline -0.004 -13"><span class='ocrx_word' id='word_1_25' title='bbox 264 843 475 923; x_wconf 80' lang='lat' dir='ltr'>CAUDEX</span> <span class='ocrx_word' id='word_1_26' title='bbox 559 845 612 918; x_wconf 90' lang='lat' dir='ltr'>est</span> <span class='ocrx_word' id='word_1_27' title='bbox 634 847 754 918; x_wconf 83' lang='lat' dir='ltr'>frutex</span> <span class='ocrx_word' id='word_1_28' title='bbox 770 848 933 918; x_wconf 83' lang='lat' dir='ltr'>humane</span> <span class='ocrx_word' id='word_1_29' title='bbox 951 843 1165 935; x_wconf 65' lang='lat' dir='ltr'>artitudine,</span> <span class='ocrx_word' id='word_1_30' title='bbox 1183 846 1221 917; x_wconf 81' lang='lat' dir='ltr'>ab</span> <span class='ocrx_word' id='word_1_31' title='bbox 1240 847 1296 918; x_wconf 87' lang='lat' dir='ltr'>inu</span> 
     </span>
     <span class='ocr_line' id='line_1_7' title="bbox 560 945 1296 1034; baseline -0.004 -18"><span class='ocrx_word' id='word_1_32' title='bbox 560 945 605 1016; x_wconf 85' lang='lat' dir='ltr'>ad</span> <span class='ocrx_word' id='word_1_33' title='bbox 632 947 802 1016; x_wconf 86' lang='lat' dir='ltr'>summum</span> <span class='ocrx_word' id='word_1_34' title='bbox 829 947 1005 1016; x_wconf 83' lang='lat' dir='ltr'>ramosus:</span> <span class='ocrx_word' id='word_1_35' title='bbox 1036 949 1142 1016; x_wconf 79' lang='lat' dir='ltr'>ramis</span> <span class='ocrx_word' id='word_1_36' title='bbox 1160 945 1296 1034; x_wconf 75' lang='lat' dir='ltr'>alternis,</span> 
     </span>
     <span class='ocr_line' id='line_1_8' title="bbox 559 1041 1298 1137; baseline 0 -25"><span class='ocrx_word' id='word_1_37' title='bbox 559 1043 684 1137; x_wconf 78' lang='lat' dir='ltr'>vagis,</span> <span class='ocrx_word' id='word_1_38' title='bbox 712 1041 975 1134; x_wconf 83' lang='lat' dir='ltr'>rigidiuscuiis,</span> <span class='ocrx_word' id='word_1_39' title='bbox 1004 1042 1298 1134; x_wconf 78' lang='lat' dir='ltr'>cinerascenuuus,</span> 
     </span>
     <span class='ocr_line' id='line_1_9' title="bbox 561 1141 753 1213; baseline -0.016 0"><span class='ocrx_word' id='word_1_40' title='bbox 561 1141 753 1213; x_wconf 78' lang='lat' dir='ltr'><strong>teretibus.</strong></span> 
     </span>
    </p>

    <p class='ocr_par' dir='ltr' id='par_1_6' title="bbox 265 1235 1301 1720">
     <span class='ocr_line' id='line_1_10' title="bbox 265 1235 1299 1330; baseline -0.006 -15"><span class='ocrx_word' id='word_1_41' title='bbox 265 1235 422 1315; x_wconf 82' lang='lat' dir='ltr'>FOLIA</span> <span class='ocrx_word' id='word_1_42' title='bbox 561 1239 721 1326; x_wconf 78' lang='lat' dir='ltr'>alterna,</span> <span class='ocrx_word' id='word_1_43' title='bbox 745 1238 944 1330; x_wconf 66' lang='lat' dir='ltr'>petiolum,</span> <span class='ocrx_word' id='word_1_44' title='bbox 969 1240 1134 1311; x_wconf 77' lang='lat' dir='ltr'>obouata</span> <span class='ocrx_word' id='word_1_45' title='bbox 1155 1255 1213 1320; x_wconf 86' lang='lat' dir='ltr'>aut</span> <span class='ocrx_word' id='word_1_46' title='bbox 1232 1259 1299 1309; x_wconf 81' lang='lat' dir='ltr'>our·</span> 
     </span>
     <span class='ocr_line' id='line_1_11' title="bbox 561 1334 1298 1444; baseline -0.009 -34"><span class='ocrx_word' id='word_1_47' title='bbox 561 1336 635 1423; x_wconf 82' lang='lat' dir='ltr'>lia,</span> <span class='ocrx_word' id='word_1_48' title='bbox 669 1334 921 1444; x_wconf 62' lang='lat' dir='ltr'>consisteruia‚</span> <span class='ocrx_word' id='word_1_49' title='bbox 958 1338 1156 1430; x_wconf 79' lang='lat' dir='ltr'>perennia,</span> <span class='ocrx_word' id='word_1_50' title='bbox 1198 1339 1298 1422; x_wconf 74' lang='lat' dir='ltr'>levia,</span> 
     </span>
     <span class='ocr_line' id='line_1_12' title="bbox 564 1433 1301 1526; baseline -0.005 -20"><span class='ocrx_word' id='word_1_51' title='bbox 564 1433 714 1524; x_wconf 74' lang='lat' dir='ltr'>obtusa,</span> <span class='ocrx_word' id='word_1_52' title='bbox 744 1433 897 1523; x_wconf 82' lang='lat' dir='ltr'>serrata,</span> <span class='ocrx_word' id='word_1_53' title='bbox 925 1436 994 1508; x_wconf 83' lang='lat' dir='ltr'>basi</span> <span class='ocrx_word' id='word_1_54' title='bbox 1022 1455 1115 1507; x_wconf 86' lang='lat' dir='ltr'>vero</span> <span class='ocrx_word' id='word_1_55' title='bbox 1141 1435 1301 1526; x_wconf 73' lang='lat' dir='ltr'>integerri-</span> 
     </span>
     <span class='ocr_line' id='line_1_13' title="bbox 563 1532 1300 1627; baseline -0.007 -21"><span class='ocrx_word' id='word_1_56' title='bbox 563 1554 644 1618; x_wconf 81' lang='lat' dir='ltr'>ma,</span> <span class='ocrx_word' id='word_1_57' title='bbox 683 1532 804 1605; x_wconf 85' lang='lat' dir='ltr'>subtus</span> <span class='ocrx_word' id='word_1_58' title='bbox 841 1533 996 1622; x_wconf 77' lang='lat' dir='ltr'><strong>venosa,</strong></span> <span class='ocrx_word' id='word_1_59' title='bbox 1035 1548 1157 1610; x_wconf 83' lang='lat' dir='ltr'>tamen</span> <span class='ocrx_word' id='word_1_60' title='bbox 1184 1533 1300 1627; x_wconf 77' lang='lat' dir='ltr'>glabri,</span> 
     </span>
     <span class='ocr_line' id='line_1_14' title="bbox 564 1631 905 1720; baseline 0 -18"><span class='ocrx_word' id='word_1_61' title='bbox 564 1632 736 1720; x_wconf 87' lang='lat' dir='ltr'>utrinque</span> <span class='ocrx_word' id='word_1_62' title='bbox 763 1631 905 1702; x_wconf 82' lang='lat' dir='ltr'>viridia.</span> 
     </span>
    </p>

    <p class='ocr_par' dir='ltr' id='par_1_7' title="bbox 184 1724 1302 1920">
     <span class='ocr_line' id='line_1_15' title="bbox 184 1724 1302 1823; baseline -0.007 -17"><span class='ocrx_word' id='word_1_63' title='bbox 184 1749 191 1762; x_wconf 91' lang='grc'><em>·</em></span> <span class='ocrx_word' id='word_1_64' title='bbox 269 1724 477 1806; x_wconf 83' lang='lat' dir='ltr'><strong>PETIOLI</strong></span> <span class='ocrx_word' id='word_1_65' title='bbox 565 1727 774 1817; x_wconf 77' lang='lat' dir='ltr'>brevissirni,</span> <span class='ocrx_word' id='word_1_66' title='bbox 795 1727 1090 1820; x_wconf 78' lang='lat' dir='ltr'>semicyiindriei,</span> <span class='ocrx_word' id='word_1_67' title='bbox 1116 1728 1231 1802; x_wconf 87' lang='lat' dir='ltr'>subtus</span> <span class='ocrx_word' id='word_1_68' title='bbox 1247 1729 1302 1823; x_wconf 83' lang='lat' dir='ltr'>gib·</span> 
     </span>
     <span class='ocr_line' id='line_1_16' title="bbox 565 1824 1165 1920; baseline 0 -20"><span class='ocrx_word' id='word_1_69' title='bbox 565 1827 628 1917; x_wconf 88' lang='lat' dir='ltr'>bi,</span> <span class='ocrx_word' id='word_1_70' title='bbox 653 1824 756 1918; x_wconf 85' lang='lat' dir='ltr'>supra</span> <span class='ocrx_word' id='word_1_71' title='bbox 776 1827 1165 1920; x_wconf 83' lang='lat' dir='ltr'>piano-canaliculati.</span> 
     </span>
    </p>

    <p class='ocr_par' dir='ltr' id='par_1_8' title="bbox 270 1919 686 2002">
     <span class='ocr_line' id='line_1_17' title="bbox 270 1919 686 2002; baseline -0.012 -1"><span class='ocrx_word' id='word_1_72' title='bbox 270 1919 498 2002; x_wconf 82' lang='lat' dir='ltr'><strong>STIPULAE</strong></span> <span class='ocrx_word' id='word_1_73' title='bbox 568 1926 686 1998; x_wconf 83' lang='lat' dir='ltr'>nullae.</span> 
     </span>
    </p>

    <p class='ocr_par' dir='ltr' id='par_1_9' title="bbox 272 2021 1304 2312">
     <span class='ocr_line' id='line_1_18' title="bbox 272 2021 1303 2113; baseline -0.01 -13"><span class='ocrx_word' id='word_1_74' title='bbox 272 2022 480 2100; x_wconf 81' lang='lat' dir='ltr'>GEMMAE</span> <span class='ocrx_word' id='word_1_75' title='bbox 568 2025 801 2113; x_wconf 63' lang='lat' dir='ltr'>acuminum,</span> <span class='ocrx_word' id='word_1_76' title='bbox 834 2022 1054 2109; x_wconf 73' lang='lat' dir='ltr'>incurvare,</span> <span class='ocrx_word' id='word_1_77' title='bbox 1091 2021 1303 2098; x_wconf 82' lang='lat' dir='ltr'>rufescentes:</span> 
     </span>
     <span class='ocr_line' id='line_1_19' title="bbox 569 2118 1304 2214; baseline -0.011 -18"><span class='ocrx_word' id='word_1_78' title='bbox 569 2121 749 2214; x_wconf 86' lang='lat' dir='ltr'>squamula</span> <span class='ocrx_word' id='word_1_79' title='bbox 772 2122 955 2194; x_wconf 79' lang='lat' dir='ltr'>exteriore</span> <span class='ocrx_word' id='word_1_80' title='bbox 982 2120 1158 2214; x_wconf 80' lang='lat' dir='ltr'>decidua,</span> <span class='ocrx_word' id='word_1_81' title='bbox 1184 2118 1304 2212; x_wconf 81' lang='lat' dir='ltr'>reliquis</span> 
     </span>
     <span class='ocr_line' id='line_1_20' title="bbox 570 2220 992 2312; baseline 0.002 -23"><span class='ocrx_word' id='word_1_82' title='bbox 570 2220 607 2292; x_wconf 91' lang='lat' dir='ltr'>in</span> <span class='ocrx_word' id='word_1_83' title='bbox 627 2220 717 2292; x_wconf 81' lang='lat' dir='ltr'>folia</span> <span class='ocrx_word' id='word_1_84' title='bbox 734 2220 992 2312; x_wconf 75' lang='lat' dir='ltr'>expendendis.</span> 
     </span>
    </p>

    <p class='ocr_par' dir='ltr' id='par_1_10' title="bbox 273 2315 1306 2503">
     <span class='ocr_line' id='line_1_21' title="bbox 273 2315 1306 2408; baseline -0.013 -13"><span class='ocrx_word' id='word_1_85' title='bbox 273 2315 574 2395; x_wconf 88' lang='lat' dir='ltr'><strong>PEDUNCULI</strong></span> <span class='ocrx_word' id='word_1_86' title='bbox 585 2318 750 2390; x_wconf 83' lang='lat' dir='ltr'>axillares</span> <span class='ocrx_word' id='word_1_87' title='bbox 767 2317 956 2405; x_wconf 86' lang='lat' dir='ltr'>foliorum,</span> <span class='ocrx_word' id='word_1_88' title='bbox 970 2317 1136 2406; x_wconf 78' lang='lat' dir='ltr'>solitarii,</span> <span class='ocrx_word' id='word_1_89' title='bbox 1148 2319 1254 2391; x_wconf 84' lang='lat' dir='ltr'>rarius</span> <span class='ocrx_word' id='word_1_90' title='bbox 1264 2335 1306 2408; x_wconf 84' lang='lat' dir='ltr'>ge·</span> 
     </span>
     <span class='ocr_line' id='line_1_22' title="bbox 568 2413 1290 2503; baseline -0.01 -16"><span class='ocrx_word' id='word_1_91' title='bbox 568 2415 681 2503; x_wconf 89' lang='lat' dir='ltr'>mini,</span> <span class='ocrx_word' id='word_1_92' title='bbox 699 2415 808 2499; x_wconf 91' lang='lat' dir='ltr'>nudi,</span> <span class='ocrx_word' id='word_1_93' title='bbox 827 2416 997 2500; x_wconf 82' lang='lat' dir='ltr'>uniflori;</span> <span class='ocrx_word' id='word_1_94' title='bbox 1022 2415 1193 2489; x_wconf 87' lang='lat' dir='ltr'>Floribus</span> <span class='ocrx_word' id='word_1_95' title='bbox 1207 2413 1290 2486; x_wconf 85' lang='lat' dir='ltr'>albis.</span> 
     </span>
    </p>

    <p class='ocr_par' dir='ltr' id='par_1_11' title="bbox 272 2510 1156 2608">
     <span class='ocr_line' id='line_1_23' title="bbox 272 2510 1156 2608; baseline -0.002 -20"><span class='ocrx_word' id='word_1_96' title='bbox 272 2513 303 2588; x_wconf 90' lang='lat' dir='ltr'><strong>F</strong></span> <span class='ocrx_word' id='word_1_97' title='bbox 307 2510 508 2586; x_wconf 90' lang='lat' dir='ltr'>RUCTUS</span> <span class='ocrx_word' id='word_1_98' title='bbox 567 2513 716 2600; x_wconf 86' lang='lat' dir='ltr'>cernui,</span> <span class='ocrx_word' id='word_1_99' title='bbox 738 2535 784 2585; x_wconf 82' lang='lat' dir='ltr'>ex</span> <span class='ocrx_word' id='word_1_100' title='bbox 802 2512 1156 2608; x_wconf 84' lang='lat' dir='ltr'>globoso-tricocci.</span> 
     </span>
    </p>

    <p class='ocr_par' dir='ltr' id='par_1_12' title="bbox 266 2609 1307 2782">
     <span class='ocr_line' id='line_1_24' title="bbox 266 2609 1307 2705; baseline -0.009 -19"><span class='ocrx_word' id='word_1_101' title='bbox 266 2610 473 2686; x_wconf 79' lang='lat' dir='ltr'><strong>&#39;SEMINA</strong></span> <span class='ocrx_word' id='word_1_102' title='bbox 566 2610 816 2705; x_wconf 86' lang='lat' dir='ltr'>magnitudine</span> <span class='ocrx_word' id='word_1_103' title='bbox 848 2611 968 2684; x_wconf 86' lang='lat' dir='ltr'>nuclei</span> <span class='ocrx_word' id='word_1_104' title='bbox 996 2609 1151 2704; x_wconf 80' lang='lat' dir='ltr'>Ceryli,</span> <span class='ocrx_word' id='word_1_105' title='bbox 1185 2609 1238 2683; x_wconf 90' lang='lat' dir='ltr'>sed</span> <span class='ocrx_word' id='word_1_106' title='bbox 1266 2625 1307 2678; x_wconf 76' lang='lat' dir='ltr'>ru</span> 
     </span>
     <span class='ocr_line' id='line_1_25' title="bbox 571 2708 732 2782; baseline -0.012 -1"><span class='ocrx_word' id='word_1_107' title='bbox 571 2708 732 2782; x_wconf 81' lang='lat' dir='ltr'>tundata.</span> 
     </span>
    </p>

    <p class='ocr_par' dir='ltr' id='par_1_13' title="bbox 278 2805 964 2884">
     <span class='ocr_line' id='line_1_26' title="bbox 278 2805 964 2884; baseline 0.003 -2"><span class='ocrx_word' id='word_1_108' title='bbox 278 2812 390 2882; x_wconf 82' lang='lat' dir='ltr'>Cetera</span> <span class='ocrx_word' id='word_1_109' title='bbox 411 2821 453 2882; x_wconf 90' lang='lat' dir='ltr'>ut</span> <span class='ocrx_word' id='word_1_110' title='bbox 475 2805 511 2880; x_wconf 91' lang='lat' dir='ltr'>in</span> <span class='ocrx_word' id='word_1_111' title='bbox 534 2805 747 2880; x_wconf 73' lang='lat' dir='ltr'>Charattere</span> <span class='ocrx_word' id='word_1_112' title='bbox 766 2805 964 2884; x_wconf 86' lang='lat' dir='ltr'>Generico.</span> 
     </span>
    </p>

    <p class='ocr_par' dir='ltr' id='par_1_14' title="bbox 276 2901 1311 3001">
     <span class='ocr_line' id='line_1_27' title="bbox 276 2901 1311 3001; baseline -0.01 -23"><span class='ocrx_word' id='word_1_113' title='bbox 276 2904 363 2979; x_wconf 82' lang='lat' dir='ltr'><strong>obs.</strong></span> <span class='ocrx_word' id='word_1_114' title='bbox 427 2907 608 2999; x_wconf 77' lang='lat' dir='ltr'>Utriusque</span> <span class='ocrx_word' id='word_1_115' title='bbox 629 2906 751 3001; x_wconf 82' lang='lat' dir='ltr'>speciei</span> <span class='ocrx_word' id='word_1_116' title='bbox 776 2907 876 3000; x_wconf 84' lang='lat' dir='ltr'>fleres</span> <span class='ocrx_word' id='word_1_117' title='bbox 906 2901 1164 3001; x_wconf 82' lang='lat' dir='ltr'>nurnerofiffirrrur</span> <span class='ocrx_word' id='word_1_118' title='bbox 1195 2903 1311 2974; x_wconf 79' lang='lat' dir='ltr'>uidimus</span> 
     </span>
    </p>

    <p class='ocr_par' dir='ltr' id='par_1_15' title="bbox 370 2999 1314 3296">
     <span class='ocr_line' id='line_1_28' title="bbox 370 2999 1312 3097; baseline -0.014 -22"><span class='ocrx_word' id='word_1_119' title='bbox 370 3002 564 3096; x_wconf 80' lang='lat' dir='ltr'>exfiecutus:</span> <span class='ocrx_word' id='word_1_120' title='bbox 590 3005 671 3097; x_wconf 84' lang='lat' dir='ltr'>qued</span> <span class='ocrx_word' id='word_1_121' title='bbox 687 3028 763 3076; x_wconf 81' lang='lat' dir='ltr'>vero</span> <span class='ocrx_word' id='word_1_122' title='bbox 778 3001 883 3076; x_wconf 86' lang='lat' dir='ltr'>Thea</span> <span class='ocrx_word' id='word_1_123' title='bbox 906 3003 1034 3074; x_wconf 88' lang='lat' dir='ltr'>viridis</span> <span class='ocrx_word' id='word_1_124' title='bbox 1056 3006 1194 3095; x_wconf 81' lang='lat' dir='ltr'>gaudent</span> <span class='ocrx_word' id='word_1_125' title='bbox 1218 2999 1312 3095; x_wconf 74' lang='lat' dir='ltr'>perulis</span> 
     </span>
     <span class='ocr_line' id='line_1_29' title="bbox 370 3097 1314 3195; baseline -0.006 -21"><span class='ocrx_word' id='word_1_126' title='bbox 370 3125 502 3188; x_wconf 83' lang='lat' dir='ltr'>noveru,</span> <span class='ocrx_word' id='word_1_127' title='bbox 534 3099 639 3173; x_wconf 87' lang='lat' dir='ltr'>Thea</span> <span class='ocrx_word' id='word_1_128' title='bbox 664 3099 783 3174; x_wconf 86' lang='lat' dir='ltr'>bohea</span> <span class='ocrx_word' id='word_1_129' title='bbox 808 3125 884 3172; x_wconf 85' lang='lat' dir='ltr'>veru</span> <span class='ocrx_word' id='word_1_130' title='bbox 900 3103 1012 3195; x_wconf 79' lang='lat' dir='ltr'>serris,</span> <span class='ocrx_word' id='word_1_131' title='bbox 1038 3108 1093 3173; x_wconf 80' lang='lat' dir='ltr'>hoc</span> <span class='ocrx_word' id='word_1_132' title='bbox 1121 3124 1184 3173; x_wconf 82' lang='lat' dir='ltr'>uon</span> <span class='ocrx_word' id='word_1_133' title='bbox 1202 3097 1314 3195; x_wconf 72' lang='lat' dir='ltr'>proprie</span> 
     </span>
     <span class='ocr_line' id='line_1_30' title="bbox 371 3195 1141 3296; baseline -0.003 -24"><span class='ocrx_word' id='word_1_134' title='bbox 371 3206 587 3295; x_wconf 80' lang='lat' dir='ltr'>experientia,</span> <span class='ocrx_word' id='word_1_135' title='bbox 599 3199 661 3294; x_wconf 82' lang='lat' dir='ltr'>sed</span> <span class='ocrx_word' id='word_1_136' title='bbox 672 3197 740 3292; x_wconf 77' lang='lat' dir='ltr'>fide</span> <span class='ocrx_word' id='word_1_137' title='bbox 762 3202 812 3271; x_wconf 79' lang='lat' dir='ltr'>ct.</span> <span class='ocrx_word' id='word_1_138' title='bbox 833 3198 940 3271; x_wconf 79' lang='lat' dir='ltr'>Hillir&#39;</span> <span class='ocrx_word' id='word_1_139' title='bbox 961 3195 1141 3296; x_wconf 81' lang='lat' dir='ltr'>efferimus.</span> 
     </span>
    </p>
   </div>
   <div class='ocr_carea' id='block_1_6' title="bbox 601 3363 1012 3441">
    <p class='ocr_par' dir='ltr' id='par_1_16' title="bbox 601 3363 1012 3441">
     <span class='ocr_line' id='line_1_31' title="bbox 601 3363 1012 3441; baseline 0.005 -3"><span class='ocrx_word' id='word_1_140' title='bbox 601 3364 669 3439; x_wconf 89' lang='lat'>111.</span> <span class='ocrx_word' id='word_1_141' title='bbox 702 3363 1012 3441; x_wconf 84' lang='lat' dir='ltr'><strong>SYNONYMA.</strong></span> 
     </span>
    </p>
   </div>
   <div class='ocr_carea' id='block_1_7' title="bbox 278 3489 1315 4054">
    <p class='ocr_par' dir='ltr' id='par_1_17' title="bbox 278 3489 1315 4054">
     <span class='ocr_line' id='line_1_32' title="bbox 374 3489 1315 3590; baseline -0.005 -24"><span class='ocrx_word' id='word_1_142' title='bbox 374 3492 670 3569; x_wconf 79' lang='lat' dir='ltr'>SYNONYMA</span> <span class='ocrx_word' id='word_1_143' title='bbox 690 3493 865 3586; x_wconf 84' lang='lat' dir='ltr'>plurima,</span> <span class='ocrx_word' id='word_1_144' title='bbox 891 3497 1116 3586; x_wconf 72' lang='lat' dir='ltr'>tarrantis,</span> <span class='ocrx_word' id='word_1_145' title='bbox 1144 3497 1204 3590; x_wconf 89' lang='lat' dir='ltr'>qui</span> <span class='ocrx_word' id='word_1_146' title='bbox 1231 3489 1315 3567; x_wconf 83' lang='lat' dir='ltr'>fruti·</span> 
     </span>
     <span class='ocr_line' id='line_1_33' title="bbox 278 3588 1315 3685; baseline 0.005 -18"><span class='ocrx_word' id='word_1_147' title='bbox 278 3613 358 3667; x_wconf 88' lang='lat' dir='ltr'>cem</span> <span class='ocrx_word' id='word_1_148' title='bbox 374 3593 568 3683; x_wconf 85' lang='lat' dir='ltr'>viderunt,</span> <span class='ocrx_word' id='word_1_149' title='bbox 594 3614 699 3684; x_wconf 81' lang='lat' dir='ltr'>quarn</span> <span class='ocrx_word' id='word_1_150' title='bbox 720 3593 764 3664; x_wconf 85' lang='lat' dir='ltr'>ab</span> <span class='ocrx_word' id='word_1_151' title='bbox 784 3591 877 3680; x_wconf 84' lang='lat' dir='ltr'>iliis,</span> <span class='ocrx_word' id='word_1_152' title='bbox 903 3593 1035 3685; x_wconf 89' lang='lat' dir='ltr'>quibus</span> <span class='ocrx_word' id='word_1_153' title='bbox 1050 3594 1146 3670; x_wconf 88' lang='lat' dir='ltr'>visus</span> <span class='ocrx_word' id='word_1_154' title='bbox 1164 3588 1315 3672; x_wconf 72' lang='lat' dir='ltr'>nonfuit</span> 
     </span>
     <span class='ocr_line' id='line_1_34' title="bbox 278 3689 1315 3782; baseline -0.008 -19"><span class='ocrx_word' id='word_1_155' title='bbox 278 3691 381 3778; x_wconf 81' lang='lat' dir='ltr'>data,</span> <span class='ocrx_word' id='word_1_156' title='bbox 422 3711 633 3763; x_wconf 87' lang='lat' dir='ltr'>enumerare</span> <span class='ocrx_word' id='word_1_157' title='bbox 663 3689 967 3782; x_wconf 86' lang='lat' dir='ltr'>supervacaneum</span> <span class='ocrx_word' id='word_1_158' title='bbox 997 3693 1117 3780; x_wconf 78' lang='lat' dir='ltr'>duco,</span> <span class='ocrx_word' id='word_1_159' title='bbox 1159 3693 1229 3765; x_wconf 85' lang='lat' dir='ltr'>illis</span> <span class='ocrx_word' id='word_1_160' title='bbox 1258 3703 1315 3758; x_wconf 80' lang='lat' dir='ltr'>tan·</span> 
     </span>
     <span class='ocr_line' id='line_1_35' title="bbox 278 3787 1315 3888; baseline -0.006 -28"><span class='ocrx_word' id='word_1_161' title='bbox 278 3787 469 3860; x_wconf 86' lang='lat' dir='ltr'>tummodo</span> <span class='ocrx_word' id='word_1_162' title='bbox 497 3801 719 3880; x_wconf 86' lang='lat' dir='ltr'>contentus,</span> <span class='ocrx_word' id='word_1_163' title='bbox 751 3809 828 3881; x_wconf 84' lang='lat' dir='ltr'>quae</span> <span class='ocrx_word' id='word_1_164' title='bbox 857 3790 895 3863; x_wconf 94' lang='lat' dir='ltr'>in</span> <span class='ocrx_word' id='word_1_165' title='bbox 921 3793 1013 3886; x_wconf 79' lang='lat' dir='ltr'>Sper.</span> <span class='ocrx_word' id='word_1_166' title='bbox 1039 3797 1183 3888; x_wconf 82' lang='lat' dir='ltr'>pientur.</span> <span class='ocrx_word' id='word_1_167' title='bbox 1211 3805 1248 3862; x_wconf 88' lang='lat' dir='ltr'>ut</span> <span class='ocrx_word' id='word_1_168' title='bbox 1261 3803 1315 3858; x_wconf 81' lang='lat' dir='ltr'>ine·</span> 
     </span>
     <span class='ocr_line' id='line_1_36' title="bbox 278 3884 1315 4054; baseline 0 -96"><span class='ocrx_word' id='word_1_169' title='bbox 278 3887 394 3978; x_wconf 84' lang='lat' dir='ltr'>liora,</span> <span class='ocrx_word' id='word_1_170' title='bbox 418 3884 661 3990; x_wconf 83' lang='lat' dir='ltr'>recensentur.</span> <span class='ocrx_word' id='word_1_171' title='bbox 1267 3975 1315 4054; x_wconf 65' lang='grc' dir='ltr'>ΕΑ</span> 
     </span>
    </p>
   </div>
   <div class='ocr_carea' id='block_1_8' title="bbox 0 0 1344 4744">
    <p class='ocr_par' dir='ltr' id='par_1_18' title="bbox 0 0 1344 4744">
     <span class='ocr_line' id='line_1_37' title="bbox 0 0 1344 4744; baseline 0 0"><span class='ocrx_word' id='word_1_172' title='bbox 0 0 1344 4744; x_wconf 95' lang='lat' dir='ltr'> </span> 
     </span>
    </p>
   </div>
  </div>
 </body>
</html>
