2786 4938
290 291 359 378 raa
541 275 764 356 mortuos
796 275 1088 354 inmaturus.

286 456 599 540 PROLEPSEOS
615 461 836 552 plantarum,
865 480 944 550 quae
962 456 1166 552 posteritati
1196 461 1328 536 multum

287 557 433 636 facesset
455 557 617 652 negotii,
643 571 704 628 aut
729 557 904 629 Aconitum
933 573 1136 649 aperturum
1164 559 1329 630 conclave

287 653 435 734 PANIS
454 652 703 727 EUROPAEI.
754 653 972 747 Precipuam
998 667 1115 728 tamen
1134 656 1280 727 clavem
1298 647 1334 723 ad

261 753 382 854 ,seras
399 753 504 844 hujus
525 751 674 840 Palatii,
700 771 765 845 per
790 753 911 824 omnia
936 749 1051 823 secula
1072 751 1203 838 claust,
1234 753 1336 824 reclu-

288 851 424 926 dendae
447 852 677 940 prebuerunt
703 849 961 942 Microscopia.
1013 847 1171 920 MUSCl
1204 851 1339 942 quidem

290 953 335 1026 ab
352 947 501 1042 Augus,
519 947 625 1038 Rajo,
643 948 792 1038 ejusque
810 947 934 1018 amicis
948 948 1157 1034 coaetaneis,
1171 961 1280 1020 crant
1295 948 1338 1020 in·

289 1044 477 1141 vestigati,
515 1039 573 1116 sed
606 1063 681 1117 non
716 1043 798 1116 satis
839 1056 959 1116 tamen
989 1042 1185 1138 perspeiii,
1237 1063 1338 1136 usque

288 1146 374 1222 dum
396 1136 561 1215 Dillenius
579 1163 623 1214 ex
641 1139 796 1233 profesio
819 1140 966 1214 Muscas
988 1143 1023 1212 dt
1044 1141 1234 1214 Liclrenes
1252 1143 1333 1214 inda·

289 1241 449 1342 gandoe,
475 1239 718 1333 detegendos,
748 1238 1022 1328 describendos,
1050 1237 1338 1312 delineandosdt

289 1337 579 1417 denominandos
604 1335 814 1428 susceperit,
850 1337 909 1426 qui
934 1338 1027 1410 solus
1051 1335 1241 1430 ingentem
1272 1337 1341 1431 plus

291 1459 396 1533 quam
420 1435 665 1508 sexcentarum
700 1431 895 1528 specierum
930 1435 1104 1530 produxit
1131 1439 1343 1509 exercitum.

289 1536 359 1611 Sed
386 1533 432 1608 stc
458 1551 532 1603 non
558 1553 684 1608 omnes
708 1531 813 1608 nudis
842 1535 959 1603 oculis
983 1533 1081 1604 cerni
1109 1550 1151 1604 ac
1179 1533 1345 1606 determi-

288 1631 367 1708 nari
385 1643 542 1722 queunt;
570 1630 651 1702 heic
678 1629 784 1722 igitur
816 1629 1076 1724 microscopia,
1101 1644 1177 1704 tam
1214 1631 1261 1703 ad
1294 1629 1345 1701 de·

289 1725 543 1824 scriptionem,
574 1747 677 1816 quarn
696 1723 866 1822 figuram,
893 1729 1035 1820 prorsus
1062 1743 1166 1802 erant
1193 1725 1346 1803 necessa·

288 1826 365 1920 ria,
390 1823 518 1918 quibus
548 1821 640 1895 adeo
661 1823 733 1913 J’anr
761 1824 904 1896 tandem
937 1823 1077 1898 suntin
1102 1821 1232 1919 aprico
1259 1823 1347 1920 poli·

290 1926 342 2016 ti,
368 1937 408 1997 ut
425 1921 531 1994 facile
559 1920 712 1995 omnino
738 1921 1015 2016 cognoscantur,
1035 1921 1188 2016 ususque
1222 1943 1346 1996 eorum
1390 1945 1391 1962 ¹

289 2023 329 2099 in
351 2034 427 2096 arte
443 2017 654 2110 Tiniloria,
673 2017 879 2111 Medicina,
896 2040 935 2091 re
957 2017 1123 2111 Cibaria,
1150 2021 1344 2110 AEdificiic
1390 2091 1391 2096 i

289 2119 565 2204 Horticultura,
592 2115 746 2190 maxime
765 2137 858 2190 vero
876 2116 912 2189 in
929 2115 1161 2192 Oeconomia
1179 2119 1341 2208 Nature,
1390 2125 1391 2134 '

289 2219 422 2293 dudum
450 2210 619 2307 pateant,
656 2214 748 2285 adeo
778 2227 819 2286 ut
846 2213 1079 2288 infeliciffima
1115 2217 1218 2289 foret
1246 2221 1340 2313 regio

289 2313 429 2390 Muscis¹
448 2311 641 2384 destituta,
692 2309 789 2386 Hinc
815 2332 924 2387 nemo
948 2312 1086 2406 sapiens
1114 2315 1271 2388 ulterius
1297 2315 1340 2386 di·
1390 2343 1391 2352 ¹

289 2434 373 2486 cere
394 2409 560 2494 audebit,
593 2407 683 2481 nihil
711 2428 837 2503 agere,
874 2409 1049 2502 bonoque
1070 2413 1151 2483 otio
1180 2414 1283 2485 abuti
1306 2413 1340 2484 il·

289 2511 370 2597 los,
397 2507 455 2599 qui
473 2504 814 2578 muscos&muscas
846 2506 1022 2602 legend0,
1054 2530 1167 2603 opera
1198 2507 1338 2604 Creato-

288 2607 340 2684 tis
365 2603 571 2678 admiranda
600 2604 915 2699 contemplantur,
956 2606 1064 2700 inque
1091 2605 1173 2681 usus
1202 2609 1334 2682 debitos

289 2717 509 2782 convertere
531 2701 679 2776 docent.
831 2797 886 2876 ΠΙ

392 2897 585 2973 Tremlrleus
608 2895 851 2992 microscopio
887 2901 924 2972 in
954 2898 1055 2992 aquis
1086 2898 1240 2974 videbat
1275 2897 1337 2972 ani·

288 2997 503 3084 malculmo,
529 2995 632 3068 velut
662 2996 829 3088 punilum
857 2996 1061 3087 mucosum,
1095 2997 1201 3070 nudis
1232 2997 1340 3071 oculis

288 3091 525 3187 impervium
555 3091 773 3166 observabat
799 3095 886 3167 illud
917 3092 974 3167 sua
1007 3095 1205 3168 extendere
1233 3111 1341 3168 tenta·

287 3193 391 3281 cula,
405 3192 534 3284 quibus
549 3189 717 3262 alimenta
733 3192 943 3288 colligeret,
964 3192 1112 3264 videbat
1130 3194 1255 3268 eadem
1272 3211 1342 3268 teu·

287 3289 419 3374 tacula,
441 3307 513 3380 ope
531 3285 704 3360 forficulae
728 3285 877 3378 sublata,
894 3290 1106 3378 recrescere,
1124 3289 1236 3383 ipsum
1256 3311 1340 3362 vero
1390 3297 1391 3382 l

286 3387 364 3464 hoc,
376 3384 624 3479 corpusculum
646 3382 774 3459 forfice
793 3385 994 3476 dilleiium,
1019 3387 1103 3460 bina
1124 3389 1340 3462 constituere
1390 3407 1391 3476 t

288 3483 514 3560 animalcula.
555 3481 715 3576 Simplex
735 3484 807 3558 hoc
827 3487 1112 3578 experimentum
1130 3506 1229 3560 anno
1256 3505 1339 3580 1739
1390 3497 1391 3532 l

287 3583 431 3674 januam
446 3578 618 3653 reseravit
632 3593 781 3654 camerae
791 3577 1121 3671 POLYPORUM,
1137 3604 1216 3678 quae
1233 3599 1339 3656 atten-

287 3693 346 3750 tos
370 3678 404 3748 dt
422 3677 582 3749 curiosos
602 3679 768 3752 maximis
797 3679 992 3754 deletiavit
1017 3679 1212 3755 miraculis.
1272 3681 1340 3754 Vix

285 3775 358 3848 hoc
387 3774 586 3866 decenum,
621 3775 704 3846 dum
735 3779 929 3850 immortali
959 3779 1177 3860 Reaumurio,
1220 3779 1341 3850 Gallie

282 3873 432 3965 decori,
465 3875 609 3964 plenum
643 3872 822 3946 facelso'rit
852 3878 1060 3968 negotium
1101 3875 1246 3948 illustris
1278 3877 1340 3946 liu·

280 3972 423 4050 troicus
452 3971 571 4047 Bernl.
591 3968 821 4070 Jufflaeusad
838 3993 920 4048 oras
935 3965 1186 4067 No‘rmandiae,
1207 3974 1241 4048 dt
1266 3989 1342 4142 aesg-
1390 3983 1391 4000 ¹

745 4079 751 4092 '
1266 4087 1294 4142 tr
1329 4105 1341 4120 ·
1390 4101 1391 4106 ¹
