2640 4744
251 203 509 285 ramerus
546 205 794 286 erronum.
986 235 1056 322 an

24 411 113 464 norea
136 391 217 465 hcc
237 389 408 482 corporis
432 387 549 464 Salios
578 387 764 476 efficiunt,
799 391 965 490 gingivas
995 413 1057 468 ru·

23 487 107 578 dunt,
129 487 358 562 &tedemma
380 487 557 576 reddunt,
584 489 696 561 immo
719 493 945 564 membranas
966 487 1057 584 ipsae

24 585 115 660 adun
139 587 336 674 vellicant,
365 583 462 660 uude
497 581 653 658 Rusticis
677 585 892 662 ischiadicus
925 587 1055 682 dolor,

24 682 216 772 Scorbutus,
241 681 375 756 Ulcera
392 683 605 756 cacolithica
622 682 912 776 frequentiffima.

94 779 310 872 DULClA,
336 779 387 852 uti
412 781 484 854 Lac
505 779 634 868 dulce,
662 783 878 870 sarcinata,
907 783 1055 874 Meilita,

25 881 189 968 nicolaio,
213 879 355 970 aliaque
381 879 556 974 permulta
583 877 743 970 fercula,
768 881 923 955 reddunt
946 879 1056 958 fibrae

23 975 1058 1170 llllldllllllllbllulll0ii¹lllllll;

23 1171 107 1243 ducet
133 1171 382 1266 experientia,
409 1171 443 1244 dc
469 1124 612 1246 abunde
640 1171 783 1248 constat
811 1175 856 1246 ἐκ
884 1173 1055 1248 carnibus

24 1267 104 1342 Suum
135 1271 171 1344 in
199 1270 368 1344 America
406 1267 646 1364 saginaturum
687 1269 835 1344 fecibus
860 1271 1054 1362 Saccharic

24 1367 157 1461 adeoque
169 1379 363 1450 enervant,
378 1363 569 1462 prasertim
589 1367 685 1440 simul
705 1367 837 1442 Salina.

95 1465 269 1554 neuin,
296 1465 476 1538 Dulcibus
494 1463 684 1560 oppossta,
712 1484 825 1558 pauca
851 1465 945 1540 intra
972 1487 1055 1542 cor.

24 1582 71 1652 pus
91 1565 324 1637 admittuntur
347 1563 564 1652 humanum,
588 1560 862 1658 sterci'piautur
877 1559 1053 1658 Arenata,

25 1661 149 1756 sinapis,
173 1663 385 1752 eriurtium
402 1659 621 1754 aquaticum,
637 1661 832 1735 Annoracia
844 1661 877 1736 dt
888 1662 1052 1754 Alliacea,

25 1745 324 1846 pardalineam
344 1759 491 1852 potius,
524 1779 628 1850 quarn
648 1760 850 1850 alimenta,¹
872 1761 968 1852 apud
986 1783 1054 1836 uo·

24 1851 122 1928 stratus
147 1857 334 1930 habentur.
386 1856 476 1928 Haec
499 1875 591 1927 vero
613 1857 815 1928 corrodunt
831 1859 979 1948 ubique,
994 1879 1053 1934 ru·

25 1953 240 2042 lelaclunria,
260 1951 511 2042 eaeor-lancia,
543 1951 759 2042 veficantla,
778 1951 1001 2029 liimulantia
1017 1957 1055 2030 ἀ

26 2051 189 2140 pallentia,
208 2052 352 2139 utrix,
374 2071 416 2124 ac
435 2049 562 2123 nevix
580 2049 746 2140 quidam,
771 2063 940 2145 tauquam
955 2053 1054 2126 ciba·

26 2145 64 2217 ria
72 2151 340 2224 considerentur.
375 2147 465 2238 lilia,
482 2147 544 2241 qlri
561 2145 671 2240 hisce,
687 2159 857 2238 unquam
875 2151 947 2222 cibi
963 2169 1052 2226 con·

27 2243 296 2337 dineutis,nimis
313 2261 478 2334 utuntur,
489 2247 696 2320 membrana
715 2247 908 2320 ventriculi
923 2247 1054 2326 villosa

27 2345 215 2434 conoditur,
232 2345 328 2420 unde
344 2343 490 2418 tarditas
505 2341 716 2440 digestionis
727 2343 937 2432 ventriculi,
950 2343 984 2418 dc
995 2359 1053 2420 tc»

27 2449 82 2512 tun
100 2463 225 2536 corpus
244 2443 339 2535 quast
361 2441 531 2516 callosum
556 2439 738 2530 redditur,
764 2441 926 2538 undique
944 2444 1053 2542 *enim

29 2534 198 2630 derodant,
224 2541 462 2633 derolumque
484 2539 520 2613 in
539 2539 748 2612 cicatricem
766 2539 960 2631 solidatur,
986 2561 1050 2618 un·

29 2631 59 2705 de
78 2635 178 2711 homo
200 2639 250 2713 ad
276 2639 400 2712 omnia
426 2637 569 2710 demum
588 2638 710 2710 munia
734 2635 881 2732 ineptus
903 2640 1051 2730 evadit,

29 2749 230 2829 preterquam
261 2735 360 2830 quod
395 2755 477 2808 acre
522 2733 663 2808 succum
694 2735 940 2810 alnnentarern
970 2757 1052 2812 cor-

29 2833 156 2925 rumpit,
184 2833 282 2928 quod
317 2832 490 2906 viscidunr
523 2846 642 2906 tamen
672 2831 762 2906 erit:
802 2833 889 2906 hinc
916 2833 1052 2910 maciei

28 2928 117 3002 tutius
135 2932 240 3007 etiam
263 2929 431 3026 corporis
455 2929 549 3004 haud
567 2929 675 3003 dubie
692 2925 857 3004 efficitur.
915 2934 923 2949 '

103 3027 289 3104 Perlubeus
320 3027 485 3123 equidem
521 3025 742 3116 concedam,
786 3043 948 3124 magnam
975 3029 1053 3104 vim

30 3119 80 3192 elie
101 3127 352 3222 dulcetudinis,
378 3139 515 3200 natura
533 3125 638 3218 ipsius
661 3125 817 3212 amelin,
841 3127 878 3201 in
901 3125 1050 3220 quibus*-

30 3215 90 3292 dau
103 3225 249 3299 maxime
265 3225 456 3320 gentibus,
480 3245 558 3316 quu
582 3243 603 3296 a
627 3223 761 3298 teucria
785 3223 869 3298 inde
887 3225 1052 3321 simplici-

30 3311 178 3395 buslrisce
193 3321 418 3416 perferendis
442 3319 636 3394 allueverc.
687 3319 772 3394 Nec
802 3341 959 3416 unquam
984 3319 1052 3394 dif-

30 3407 154 3511 fitebor,
180 3419 443 3505 nccelsrtatcm,
473 3419 636 3494 omnium
658 3418 881 3514 magistram,
912 3417 1054 3514 gustum

31 3505 188 3592 fortiorem
219 3516 413 3610 aliquando
442 3513 592 3589 reddere
622 3515 739 3611 polle,
764 3519 918 3610 ejusque
939 3515 1052 3590 offici·

31 3625 92 3680 nau
113 3615 159 3688 ita
188 3615 452 3706 corroborare,
483 3625 524 3686 ut
547 3614 734 3706 aliquanto
764 3613 900 3686 diutina
932 3613 1053 3690 lllhaec

32 3697 168 3786 sustinere
195 3727 331 3808 queant
362 3711 541 3786 nonnulli.
603 3711 644 3784 Id
667 3712 823 3804 denique
846 3711 938 3786 haud
964 3711 1052 3788 diff»

32 3803 220 3902 nulandnrn,
232 3809 331 3904 quod
344 3808 558 3882 rusticorum
575 3809 850 3903 bajuloruuque
867 3813 954 3883 ledor
969 3833 1052 3902 pro·

33 3905 196 3988 penulam
229 3908 432 3984 Herculeus
467 3907 551 4078 he&
586 3895 1054 4080 vincere-puliimuttrliblpia

582 4027 600 4078 a
875 4019 883 4033 ·
980 4027 1000 4078 e
1042 4045 1055 4062 ·
