2770 4752
80 135 386 220 necessarus
398 139 1022 224 meronmammnossru.
1039 165 1112 242 457

119 312 382 405 caenatum
666 317 838 384 omnam
854 320 1038 400 muer.

118 398 280 464 Artemilia
293 417 402 466 m.
605 417 656 464 21.
664 400 888 486 Ceratoearpoa
906 406 1077 470 arenarius.

117 478 458 563 Tuddagmmdria.
665 479 939 566 Axyrialrybrr'dn.

118 559 250 624 Senecio
264 561 448 650 mmormsrs.
664 561 773 628 Urtiea
788 561 963 632 caueamur.

115 641 273 706 Cineraria
280 641 412 730 fibirr'ca.
666 643 763 708 Pinus
779 643 916 712 Umbra.

168 755 172 784 r
283 725 405 808 glauca.
605 725 693 790 aad}
714 725 808 790 hedra
819 721 1038 814 murnum

116 802 300 886 Chrysantlr.
315 803 504 890 millefolium.
697 817 833 871 eratrura
844 809 978 900 trigrmn.

114 885 443 970 Achilleaimpamas.
665 885 1053 976 Cimicifugejoetidr'fflma.

153 988 243 1062 llee
264 988 386 1082 srqois
404 985 627 1086 perpendat,
649 987 826 1080 fatebitur
841 1009 1006 1080 meeum,
1027 988 1113 1066 hor.

59 1083 340 1182 toruuropaeor
366 1086 481 1182 spatio
510 1108 556 1160 20
573 1105 751 1162 annorum
773 1107 911 1162 novam
937 1085 1032 1182 quali
1058 1085 1113 1164 in·

58 1180 166 1256 duilie
198 1184 349 1275 faciem,
389 1197 501 1278 atque
534 1181 628 1277 qum
659 1183 972 1278 Metamorpholin
1001 1204 1114 1279 quan-
1166 1239 1170 1254 .

58 1278 134 1354 dam
156 1279 309 1360 snbiiffe.
344 1281 382 1354 si
403 1279 553 1356 caullam
570 1281 676 1374 hujus
696 1303 805 1356 nove
829 1299 965 1358 nature
985 1281 1114 1360 forano

59 1391 192 1470 querat
214 1381 321 1472 quis,
348 1379 452 1454 aliam
478 1399 554 1454 non
578 1377 764 1469 inveniet,
790 1401 895 1472 quarn
921 1379 1019 1476 quod
1046 1401 1115 1456 no·

57 1473 130 1548 stre
159 1497 251 1571 opes
284 1478 428 1560 illorum
456 1477 586 1550 hortos
619 1475 829 1552 ditaverint.
880 1477 1022 1552 Nonne
1053 1488 1114 1552 ad·

58 1571 124 1646 buc
140 1577 253 1672 longe
267 1577 379 1672 magia
395 1575 534 1650 floralia
552 1571 815 1670 Europoeorum
833 1587 1113 1667 exornarentur,

61 1669 82 1742 fi
98 1673 217 1764 plures
228 1673 446 1748 accellrlient
458 1671 636 1766 ejusmodi
653 1671 783 1746 nostrae
796 1671 962 1750 deliciet
995 1674 1114 1778 Quam

59 1784 130 1842 non
150 1769 356 1846 excitarent
371 1769 669 1844 Naturalillarum
683 1770 1013 1860 admirationem,sr
1036 1771 1114 1868 plu·

59 1885 124 1954 rea,
137 1868 190 1952 uti
203 1865 513 1966 Spiroeasorlrifolim
526 1869 646 1942 Morus
663 1876 802 1942 tarmr'ca
817 1867 1027 1943 &sexcenta
1043 1869 1115 1942 alia

60 1963 100 2039 ad
130 1985 257 2038 eorum
289 1966 527 2060 pervenerint
556 1963 708 2040 mantisl
766 1963 934 2040 Daturne
961 1963 998 2042 in
1022 1967 1114 2039 orbe

59 2063 175 2156 planta
200 2061 318 2138 hortis
341 2063 531 2156 Europaeis
553 2059 893 2154 accommodatior,
913 2081 1114 2154 eorumque

58 2160 198 2254 sepibus
225 2161 320 2236 inter
340 2183 440 2236 areae
468 2156 749 2252 inambulante,
779 2181 885 2256 quam
914 2163 1112 2257 Spiroealy·

56 2259 235 2352 prricr'folia
261 2259 295 2334 bt
317 2275 465 2346 arenata,
499 2257 583 2332 dum
607 2253 743 2333 florent
768 2255 988 2334 &millenis
1013 2257 1113 2332 flori·

61 2355 122 2428 bns
150 2357 312 2452 undique
350 2357 476 2452 tapetii
504 2355 614 2432 instar
646 2369 773 2452 tegunt
805 2367 923 2433 totunr
943 2355 1114 2432 fruticem

61 2455 165 2528 niveo
202 2457 332 2530 llorum
355 2455 538 2548 candore,
566 2453 720 2528 maxime
747 2455 876 2530 dubius
898 2457 1031 2530 hereo.
1081 2453 1114 2530 E

60 2549 127 2624 sola
146 2553 267 2628 Patria
285 2575 364 2626 mea
383 2551 517 2626 habent
535 2551 701 2624 Botaniei
721 2555 987 2650 Cermorarpum,
1013 2553 1114 2646 plan·

60 2667 125 2747 tant
146 2651 290 2743 generis
308 2651 422 2743 novi,
451 2673 551 2743 quae,
569 2649 717 2724 arenosa
734 2647 870 2722 deserta
892 2650 1114 2739 inhabitans,

61 2747 180 2822 erescit
204 2751 241 2820 in
268 2747 419 2821 formam
449 2749 553 2840 pile,
578 2747 769 2820 &matura
785 2745 898 2838 falla,
923 2745 1046 2822 radice
1062 2743 1114 2818 di·

58 2845 170 2936 milla,
200 2847 300 2942 globi
322 2845 431 2920 instar
447 2843 568 2918 lariorii
590 2843 755 2918 volvitur
773 2845 931 2918 aventis
954 2865 1018 2938 per
1034 2843 1114 2918 are-

59 2941 161 3016 nosos
190 2965 353 3038 campos.
397 2939 585 3036 Ejusmodi
613 2939 787 3036 qualitate
819 2941 985 3019 instrulla
1005 2943 1115 3037 'plan-

40 3037 93 3123 ‘ta
111 3063 187 3118 non
209 3043 296 3116 mibi
323 3040 485 3116 occurrit
508 3061 573 3136 per
599 3053 717 3114 totum
741 3037 904 3136 Regnum
928 3039 1115 3136 vegetabi-

59 3132 105 3240 le,
120 3161 261 3234 quaqua
277 3141 471 3214 etiamtiam
484 3151 606 3232 patet:
625 3135 802 3212 excitavit
816 3137 1025 3212 ulteriorem
1038 3139 1118 3212 haee

58 3237 177 3328 planta
198 3237 473 3314 admirationem
495 3235 776 3324 Botanieorum,
803 3233 886 3308 dum
909 3235 1114 3330 aperientes

60 3333 133 3424 ,ejus
156 3336 312 3420 semina,
336 3337 559 3410 invenerunt
580 3333 766 3408 corculum
798 3333 892 3426 quasr
924 3348 1052 3406 natant
1077 3331 1116 3408 iu

59 3429 114 3502 sua
136 3453 239 3524 aqua.
291 3433 446 3507 Memini
469 3432 513 3504 de
532 3446 686 3520 cetero,
710 3453 768 3506 me
786 3429 911 3504 vidille
936 3430 1034 3504 domi
1052 3451 1115 3504 va·

58 3527 126 3626 rias
143 3533 284 3624 plantas
302 3533 463 3604 omnium
482 3529 765 3625 pulcherrimos,
791 3543 921 3622 utpote
941 3529 1116 3626 Hyperom

59 3630 211 3726 tretium,
238 3629 426 3704 Fumarium
437 3629 640 3726 speciabilem
654 3623 728 3722 (θ
749 3625 931 3722 aliasque,
963 3649 1041 3722 quae
1063 3627 1115 3698 di-

159 3807 165 3816 .
568 3723 672 3818 ffs
895 3717 1115 3858 Q

59 3835 539 3861 m———m-

94 3867 150 3952 (e)
171 3869 333 3947 Quantum
352 3871 429 3938 milri
449 3871 583 3950 coastat,
604 3867 724 3964 nullum
738 3869 839 3940 rdiam
853 3870 935 3954 apud
946 3867 1115 4014 Bormiae
