2724 4746
225 209 248 274 a
440 175 624 310 protus
659 177 1065 256 POLYCHRESTUS.

324 353 425 432 Moru
450 359 776 455 conformium,
799 359 917 432 veteri
940 358 1115 436 doeemur
1132 385 1292 456 prover·

226 459 306 536 bio.
355 453 496 530 Totum
519 477 639 529 rerum
662 470 860 530 creatarum
878 455 1027 551 systema
1050 475 1155 534 rnotu
1172 463 1293 555 inpri-

226 559 296 633 mis
312 551 453 630 nititur.
504 551 709 627 Moventur
730 555 931 645 elemento,
960 557 1149 644 animalia,
1176 582 1291 654 vege·

226 653 377 740 tabita,
407 653 489 726 dum
518 650 673 740 vivunt,
701 653 836 726 omnia.
901 652 1045 728 Globus
1071 655 1145 750 ipse
1172 671 1289 730 terra-

228 771 341 846 queus
358 751 454 822 eirca
471 747 581 822 solem
602 750 780 823 volvitur.
815 751 894 840 Sol,
918 750 1047 846 &qua
1067 768 1189 828 cetera
1204 757 1294 830 sunt

226 851 353 948 fruere,
375 850 473 940 cipea
489 867 574 920 axes
589 846 670 920 suos
687 860 866 940 perpetuo
883 865 1051 924 rotantur
1062 866 1188 937 motus
1211 856 1291 946 pri·

225 966 321 1031 roam
343 965 436 1022 vtro
460 931 610 1018 canuam
637 960 850 1020 moventem
877 949 1057 1023 Creatorem
1075 943 1293 1044 vargnoicunt

225 1043 372 1142 singula.
436 1041 525 1116 Sine
548 1055 674 1133 motu,
700 1063 801 1136 aquae
829 1041 1033 1138 stagnantes
1052 1046 1291 1142 putrescunt,

147 1177 150 1184 ¹
226 1139 1292 1239 aerlethiferos,terramucosaevadit,pranretorpescunt,

224 1240 432 1317 moriuntur
457 1235 638 1312 animalia.
696 1237 790 1311 Vita
816 1237 888 1332 ipsa
915 1241 954 1313 in
978 1255 1082 1316 motu
1107 1240 1286 1318 consistit.

225 1340 383 1428 Primum
408 1335 445 1408 in
472 1357 549 1408 ovo
572 1336 745 1408 incubato
765 1335 963 1411 Corculum
986 1337 1200 1415 observatur
1215 1342 1288 1414 mi·

226 1453 336 1522 cans,
359 1435 397 1508 in
412 1429 491 1526 abiu
516 1434 719 1520 continuo,
743 1432 827 1508 duro
848 1433 927 1508 vita
946 1452 1089 1526 manet,
1115 1437 1286 1534 persev:-

224 1549 399 1609 raturum.
449 1527 524 1604 Cor
547 1528 751 1625 sanguinem
778 1553 843 1624 per
867 1552 996 1608 omnes
1013 1533 1182 1630 corporis
1203 1557 1287 1630 pa·-

226 1648 282 1706 tes
300 1626 496 1725 propellit,
520 1630 711 1721 pulmones
727 1631 962 1717 voiutantur,
986 1647 1108 1707 motus
1122 1632 1286 1728 perist1.·

225 1733 321 1802 tieus
345 1747 422 1800 non
445 1724 594 1814 definit,
626 1724 709 1798 vasa
728 1726 957 1802 absorbentia
978 1729 1149 1805 humores
1173 1745 1286 1805 ater:-

223 1828 339 1910 hunt,
363 1845 502 1917 eorpus
514 1822 705 1898 insenfibiri
721 1823 985 1918 perspiratione
1005 1845 1162 1921 vapores
1179 1829 1286 1904 emit-

225 1927 293 2013 tit,
320 1921 417 1996 fibrae
441 1911 475 1992 u
503 1920 608 1994 nervi
636 1941 764 1994 ornnes
781 1924 914 2014 quovis
935 1941 1146 2014 momento,
1172 1927 1285 2002 nobis

225 2024 287 2094 vel
309 2018 568 2106 sentientibus,
587 2015 651 2092 vei
673 2017 828 2114 ignaris,
856 2021 1049 2116 agitantur.
1088 2025 1201 2098 Motu
1219 2045 1282 2096 ve·

223 2142 290 2210 ro,
309 2139 390 2192 curn
409 2116 508 2202 vite,
528 2116 732 2205 desinente,
751 2137 887 2214 eorpus
902 2119 992 2218 saepe
1010 2121 1106 2197 intra
1123 2121 1284 2197 triduum

225 2219 264 2292 in
291 2217 446 2288 cadaver
475 2212 551 2286 abit
576 2214 769 2306 putridum.

232 2361 238 2370 ·
300 2307 603 2405 -Sepieotiiiirous
643 2327 762 2388 rerum
803 2309 953 2409 opifex,
992 2309 1053 2406 qui
1090 2315 1283 2409 pietasque

222 2411 347 2490 mundi
382 2410 488 2502 hujus
528 2407 690 2484 artiones
722 2423 825 2484 nrotu
861 2409 1098 2486 instituendas
1134 2415 1279 2504 voluit,

223 2525 363 2586 motum
398 2505 540 2598 fingeris
572 2508 814 2586 animarnibus
843 2510 893 2582 ita
921 2506 1201 2606 attemperavit,
1240 2529 1283 2585 ut

221 2606 315 2706 jpsta
346 2605 597 2692 commotione
634 2604 844 2694 serventur,
886 2604 1113 2682 destruantur
1145 2609 1281 2701 nirniar

223 2705 306 2790 ptio
324 2717 465 2786 autent,
492 2721 597 2796 poena
621 2703 724 2776 velut
752 2701 928 2794 neutrali,
955 2718 1118 2798 pereant.
1170 2703 1280 2782 Unde

221 2801 348 2887 etiam,
370 2800 508 2890 judicio
537 2815 718 2890 veterum,
740 2799 924 2898 languida,
951 2801 1089 2891 senilia,
1114 2803 1280 2880 mutilata

222 2896 470 2990 ¹succumbunt,
489 2897 724 2994 &vegetiora
744 2899 780 2972 in
801 2913 904 2973 motu
920 2895 1106 2991 festinant,
1124 2919 1166 2974 ut
1183 2922 1277 2998 opus

221 3015 357 3076 nature
376 3011 535 3089 perenne
554 2996 706 3085 floreat,
729 2997 861 3094 vigeat„

319 3091 376 3168 Ad
410 3093 545 3168 bonam
580 3107 788 3189 natureque
812 3097 1096 3170 convenientem
1116 3092 1276 3172 Diaetenr

222 3179 379 3280 sufficere
398 3189 501 3264 multi
521 3189 746 3282 existimant,
773 3191 796 3266 fi
818 3213 838 3266 a
855 3192 1061 3266 durioribus
1081 3193 1187 3281 cibis,
1209 3215 1275 3287 po·

222 3289 387 3366 tionibus
405 3288 512 3365 nimis
530 3285 725 3382 spirituuirs
741 3281 1065 3364 &alterationibus
1080 3293 1274 3368 vehemen-

221 3387 379 3462 tioribus
403 3387 482 3482 quis
501 3383 698 3474 abstineat;
722 3383 892 3462 robustos
911 3405 1005 3460 vero
1026 3385 1193 3462 homines
1214 3387 1275 3463 ie·

220 3503 268 3582 pe
299 3481 337 3557 in
366 3483 457 3558 flore
480 3481 595 3557 etatis
621 3481 853 3580 succumbere
867 3485 1054 3560 mirantur.
1104 3483 1154 3558 Hi
1180 3505 1274 3560 vero

221 3578 308 3672 quid
339 3581 377 3654 in
406 3599 562 3672 corpore
593 3578 753 3653 humano
781 3593 904 3656 motus
928 3581 1082 3671 efficiat,
1108 3583 1272 3660 nondum

220 3673 303 3756 satis
331 3673 560 3772 intelliguntr
587 3673 663 3752 &ii
681 3678 741 3751 vel
760 3678 915 3754 maxime
932 3680 1271 3756 utilitatemaernutus

220 3775 435 3860 admittent,
469 3773 570 3846 illurn
596 3788 717 3849 tamen
747 3777 843 3850 reiie
874 3777 1064 3852 instituere
1091 3777 1269 3854 nesciunt.

221 3873 354 3970 Opere
370 3869 480 3970 igitur
495 3871 653 3968 pretium
670 3873 764 3968 erit,
789 3873 829 3952 in
847 3874 947 3952 usuro
963 3873 1127 3952 studio&
1140 3875 1271 3988 iuven·

1141 3983 1269 4051 ‚ntus
