2688 4752
285 253 354 327 130
404 222 781 303 FUNDAMENTA
811 220 1227 299 ENTOMOLOGIAE.

281 407 453 501 tiquiorie
476 407 569 496 aevi,
598 407 731 498 quibus
750 403 946 501 astrologia
967 405 1002 477 δι
1023 424 1216 498 corporum
1237 403 1319 475 cele·

280 506 386 581 stium
401 501 545 578 infinite
556 504 764 578 distantium
779 503 1046 596 contemplatio
1066 516 1252 594 tantopere
1265 502 1319 592 pla«

281 604 383 699 cuit,
410 603 545 675 incolis
572 603 681 676 etiam
710 600 777 678 suae
804 604 958 696 planetae
988 598 1246 696 cognoscendis
1276 596 1319 668 ali·

283 719 391 796 quam
415 698 591 773 dedissent
617 720 788 793 operam,
814 713 922 791 atque
947 697 991 771 de
1018 695 1249 772 existentibus
1267 717 1319 766 ma«

281 802 358 898 gis,
392 821 497 890 quam
519 797 564 870 de
585 797 832 890 pollibilibus,
856 795 1002 872 fuissent
1025 793 1196 870 solliciti?
1233 791 1319 896 Quoi

282 899 327 972 ad
351 895 549 971 Historiam
574 897 773 970 naturalem
800 895 956 985 attinet,
992 894 1073 968 duae
1102 895 1177 986 ejus
1201 907 1319 986 partes,

285 993 481 1088 Zoelogia&
498 995 674 1080 Boteniee,
700 991 914 1068 testantibus
935 994 1008 1066 hoc
1026 993 1204 1087 plerisque
1221 989 1319 1061 Theo·

282 1094 377 1188 logis
405 1091 439 1164 tr
467 1089 718 1184 Philosophis,
744 1091 850 1186 primi
876 1091 1022 1187 generis
1051 1089 1163 1162 nostri
1187 1083 1319 1182 parentis

283 1191 387 1266 suere
411 1188 538 1266 studia.
591 1191 746 1263 Berenice
774 1188 926 1278 deinde,
955 1189 1167 1282 fitempora
1194 1203 1319 1275 excepe

283 1289 334 1364 ris
358 1289 531 1376 barbara,
564 1286 700 1378 ubique
728 1287 810 1372 suos
834 1286 961 1360 habuit
982 1289 1167 1376 cultores,
1199 1283 1319 1370 Zeelegir

284 1400 420 1473 autem,
432 1384 633 1480 generatim
651 1400 815 1476 accepta,
829 1384 874 1456 ad
896 1383 1056 1458 nostram
1078 1403 1189 1475 usque
1205 1393 1319 1452 aetatem

283 1485 362 1560 fere
391 1481 527 1554 inculta
548 1480 683 1574 jacuit3
715 1483 872 1556 maxime
898 1503 942 1554 ea
964 1505 1070 1578 pars,
1098 1501 1175 1574 quae
1198 1476 1319 1551 minima

285 1577 457 1656 continet
472 1578 663 1667 animalia,
689 1581 739 1651 ob
759 1580 923 1654 rationes
945 1601 1032 1656 mox
1054 1567 1319 1654 adferendasfuit

285 1689 495 1762 contemta,
520 1674 771 1768 methodoque
787 1677 955 1770 perversa
975 1676 1137 1752 trastata.
1186 1670 1249 1747 Sed
1267 1688 1319 1740 an·

284 1775 383 1871 plior
407 1775 561 1848 omnino
590 1773 667 1862 haee
688 1774 740 1848 est
761 1775 931 1866 scientia,
956 1796 1065 1869 quam
1083 1788 1123 1848 ut
1141 1796 1159 1846 a
1175 1793 1251 1860 me,
1275 1761 1319 1834 vel

286 1875 360 1948 alio
380 1872 477 1946 forte
500 1871 686 1966 quopiam,
702 1885 781 1946 tota
798 1874 971 1966 explicari
990 1888 1122 1967 queat3
1149 1861 1319 1946 brevissime

285 1970 415 2143 ig1{tur,¹
437 1969 474 2043 de
494 1993 560 2066 per
583 1970 717 2045 summa
742 1972 862 2067 capita
885 1971 1022 2064 eundo,
1043 1993 1122 2047 eam
1140 1977 1319 2067 proponere

287 2090 309 2145 e
354 2089 509 2142 ammos.

384 2165 608 2243 lusucTa
623 2189 777 2243 numero
799 2167 1075 2246 individuorum
1098 2167 1132 2240 &
1152 2162 1319 2260 specierum

287 2279 411 2342 cetera
446 2265 615 2339 animalia
651 2265 833 2340 terrestria
871 2265 1062 2360 superant,
1104 2267 1319 2358 majoremque

286 2364 387 2442 simul
405 2360 517 2436 sumtu
533 2364 668 2437 molem
685 2362 900 2440 conficiunt.
952 2365 1128 2440 Viliffima
1152 2374 1244 2436 certe
1264 2357 1319 2458 hei

288 2461 526 2552 animalcula,
566 2461 699 2564 quibus
731 2461 876 2560 ungulis
911 2461 1010 2536 suum
1044 2465 1082 2537 in
1116 2461 1319 2556 Oeconomu

288 2557 481 2632 &Politia
505 2571 642 2632 naturae
669 2560 886 2655 adsignatum
912 2559 964 2634 est
986 2563 1197 2656 negotium,
1232 2565 1319 2625 nan·

287 2678 363 2736 mas
388 2655 479 2751 saepe
513 2678 570 2730 res
596 2672 747 2752 gerunt,
785 2681 886 2750 que,
915 2659 1005 2731 licet
1027 2659 1149 2734 sensim
1183 2641 1319 2742 &pede

288 2755 418 2830 tentim
440 2771 612 2851 agantur,
639 2756 748 2850 copia
765 2769 885 2831 tamen
902 2757 1086 2852 agentium
1107 2753 1269 2836 efficitur,
1293 2743 1319 2810 Ui

287 2853 384 2950 spem
403 2873 445 2928 ac
465 2851 574 2928 fidem
591 2875 739 2929 omnem
757 2868 987 2930 antevertere
1006 2855 1207 2930 videantur.

384 3140 454 3216 Per
476 3150 707 3236 generationem
723 3156 916 3240 equivocam
936 3146 996 3222 seu
1020 3169 1066 3222 ex
1084 3137 1265 3243 putredine
1282 3127 1319 3198 in·

287 3238 381 3316 festu
404 3241 583 3335 produci,
621 3243 731 3337 inque
762 3267 805 3317 ea
831 3246 1002 3337 reliquias
1033 3247 1184 3319 aliorum
1213 3245 1319 3328 anima:

288 3340 376 3417 lium
401 3337 617 3431 putrefactas
636 3343 875 3433 commutari,
902 3365 945 3415 ac
963 3343 1139 3425 totidem,
1165 3323 1319 3428 quorfieu

287 3436 415 3532 possit,
443 3436 516 3510 fine
549 3437 737 3512 ordine&
764 3441 868 3534 lege,
901 3441 990 3512 oriri
1022 3442 1194 3514 mixturas
1222 3428 1319 3499 &ua-

289 3533 439 3632 rietates
462 3534 500 3608 in
521 3533 717 3627 infinitum,
748 3537 903 3610 credidit
934 3539 1141 3632 antiquitas.
1204 3527 1319 3600 Horum

153 3685 158 3692 -
289 3631 401 3724 igitur
425 3633 752 3709 considerationem
776 3635 942 3709 stolidum
966 3637 1000 3710 u
1024 3636 1192 3710 frivolam
1217 3627 1319 3694 ornnes

288 3727 366 3803 fere
390 3729 622 3822 judicabant,
657 3733 777 3806 donec
803 3736 953 3806 eandem
981 3736 1018 3808 in
1043 3735 1099 3808 his
1126 3729 1192 3803 else
1217 3727 1319 3815 propt·

289 3824 448 3920 gationis
481 3829 616 3922 legem,
658 3853 763 3923 quam
798 3831 1010 3905 animalibus
1044 3828 1175 3905 ceteris
1206 3813 1319 3892 dederu

290 3921 458 4016 Creator,
485 3927 528 3998 ab
543 3925 702 4002 llarvaeo
721 3929 885 4004 &Redio
904 3929 955 4003 est
973 3929 1166 4020 ostensum,
1192 3906 1319 4084 viginis}
