2640 4744
74 157 410 236 FERVIDORUM
431 77 807 238 {catinorum
830 161 968 250 tisun
993 184 1064 264 231

36 339 144 414 abhinc
178 337 279 412 annis
304 331 461 430 Upsaliae
493 337 613 436 degit,
646 339 841 418 &ostreae
868 355 1067 436 appetent,

35 439 139 530 jejuno
156 437 362 510 ventriculo
380 437 512 532 viginti
535 439 695 532 quinque
713 441 923 528 devoravit,
940 460 1067 514 omnet

34 535 274 629 conglaciatas3
303 555 376 626 quo
404 535 534 612 sallum
553 535 626 624 cll,
654 553 694 608 ut
711 539 784 611 cibi
806 557 892 613 mox
922 535 1068 610 fastidio

33 649 219 724 caperetur,
246 632 301 716 &,
329 632 409 722 post
426 633 583 706 triduum
601 635 917 712 vehementiliimia
940 633 1068 708 horro-

32 731 131 816 ribus,
156 752 247 822 quos
282 729 440 804 insecuta
464 729 514 804 cst
544 731 657 806 febris
685 735 897 828 quotidiana
916 731 1066 824 duplex,

32 825 216 922 gravilimir
234 827 362 920 stipata
379 826 699 926 symptomatibus:
714 831 801 918 uti,
823 827 1066 926 cephalalgia,

32 925 174 1012 vomitu,
212 925 356 1018 ungulis
385 927 517 1000 summe
550 927 749 1020 violentia,
777 929 810 1002 dt
836 951 940 1022 quar,
965 927 1068 1000 lehre
1113 943 1116 950 '

30 1023 98 1094 licet
117 1021 196 1114 post
214 1021 291 1094 dies
312 1023 453 1118 aliquot
479 1023 664 1122 superata,
690 1039 811 1102 tamen
837 1049 900 1120 per
927 1023 1068 1098 ouran·

29 1141 73 1192 un
89 1121 363 1210 continuabant,
380 1135 572 1217 antequam
591 1123 918 1218 compescerentur.
961 1123 1066 1225 Quo·

29 1239 88 1291 rum
116 1219 258 1310 quidem
288 1221 450 1294 omnium
478 1221 565 1312 quin
595 1221 678 1314 gelu
712 1221 878 1316 inprimis
908 1219 1067 1294 accusari

31 1315 158 1404 debeat,
183 1317 332 1388 dubium
365 1316 542 1404 nonest,
574 1319 809 1410 quodetiam
840 1337 945 1392 novo
983 1337 1068 1408 pro·

29 1411 95 1485 bare
117 1413 298 1508 poliurnus
324 1417 517 1509 exemplo;
544 1437 675 1510 nempe
697 1419 844 1510 juvenis
865 1415 1066 1506 cujusdam,

29 1511 91 1599 cni,
117 1533 160 1584 ex
187 1533 324 1585 novem
350 1511 520 1588 comestis
543 1515 662 1608 pomis
684 1514 835 1628 gelidis,
859 1511 956 1590 tullia
986 1513 1067 1586 vio·

28 1609 190 1684 lentillima
217 1608 448 1703 supervenit,
474 1625 583 1688 tante
607 1613 837 1708 pertinaciae,
864 1627 905 1686 ut
931 1632 995 1707 per
1017 1609 1067 1684 se·

27 1706 132 1780 nellre
162 1705 315 1802 spatium
341 1707 508 1800 duraret,
544 1712 599 1801 dr,
633 1733 681 1786 oe
717 1712 755 1786 io
785 1709 939 1803 phthisrn
974 1729 1067 1804 eger

27 1807 147 1880 tandem
190 1803 391 1896 incideret,
430 1827 557 1882 ornnes
594 1823 819 1886 vererentur.
875 1807 952 1900 At,
986 1805 1066 1903 quia

27 1903 155 1978 noxium
180 1903 322 1978 diceret
338 1905 458 1998 pomis
479 1903 605 1980 vestii

452 2088 487 2176 §.
540 2081 611 2158 iv.

100 2189 265 2266 Tandem
282 2189 559 2270 considerandus
579 2189 684 2265 venit
699 2201 833 2286 potua,
852 2188 937 2284 qui,
955 2209 1067 2282 quum

26 2307 164 2383 nagnam
180 2291 297 2370 dieta
312 2288 443 2364 nostra
460 2303 597 2384 partem
618 2287 781 2382 impleat,
800 2289 932 2382 optimi
947 2285 1067 2360 omni·

25 2403 62 2454 no
83 2389 223 2482 generis
256 2387 327 2462 elle
361 2387 493 2477 debet,
535 2387 676 2462 sanitati
712 2387 736 2462 i
773 2387 865 2460 nihil
891 2384 1066 2474 nocebit3
1192 2384 1198 2394 '

26 2481 103 2558 illum
129 2488 285 2580 loquor,
311 2505 418 2577 quern
447 2507 530 2560 cum
553 2505 644 2578 aqua
672 2481 899 2578 conficiunt,
928 2505 973 2556 ex
996 2504 1068 2577 qua

25 2577 176 2656 hordeum
196 2595 409 2676 corruptum
422 2583 596 2678 peculiari
607 2578 873 2678 preparatione
887 2597 1066 2674 coquunt,

25 2675 128 2770 ltpro
148 2683 313 2773 majore,
339 2703 444 2772 quam
465 2683 656 2768 continet,
682 2679 876 2754 minoreve
895 2677 1066 2770 Spiritus,

24 2789 54 2844 ut
75 2793 209 2854 vocant
226 2777 413 2868 Chemici,
436 2777 567 2871 copia,
595 2775 785 2850 Cerevisrae
805 2775 985 2850 tenuioris
1004 2775 1067 2848 vel

24 2869 167 2951 fortioris
193 2875 344 2950 nomine
375 2876 588 2972 insigniunt:
625 2873 747 2970 gustus
774 2873 855 2946 sane
879 2871 1065 2968 gratioris,

24 2973 146 3058 quando
181 2976 256 3048 rire
283 2989 502 3066 preparatus
527 2971 561 3046 dr
586 2973 822 3066 incorruptus
847 2971 909 3044 est.
962 2971 1065 3073 Quo·

23 3067 99 3142 niam
126 3093 243 3159 vero,
267 3069 394 3148 estivo
418 3069 611 3165 presertim
636 3069 669 3142 dr
694 3067 894 3144 autumnali
923 3081 1066 3161 tempo·

22 3183 71 3254 re,
93 3190 238 3242 acorem
265 3169 342 3242 cito
377 3167 541 3260 suscipit,
577 3169 673 3242 unde
699 3190 776 3241 non
807 3166 918 3240 solum
950 3165 1066 3260 ingra-

23 3273 85 3353 tur,
109 3265 166 3339 sed
193 3266 380 3340 &noxius
398 3265 544 3354 eratin
573 3265 691 3340 solent
720 3265 830 3338 hodie
856 3263 1068 3356 opulentio-

22 3377 65 3431 res
97 3363 214 3455 primo
248 3387 341 3436 vere
372 3385 523 3456 curare,
551 3377 592 3438 ut
623 3366 747 3453 cella,
780 3383 848 3456 qua
881 3359 1068 3434 dimidiam

21 3473 139 3546 partem
162 3465 371 3556 repleantur
388 3461 526 3558 glacie,
555 3461 592 3534 in
623 3483 727 3552 quam
753 3459 922 3552 repositis
941 3453 1068 3550 postea

22 3559 185 3630 cereuifiae
210 3559 342 3648 doliis,
368 3561 412 3631 ab
441 3559 617 3632 aciditate
641 3559 715 3631 lraec
743 3557 891 3652 optimu
922 3553 1066 3628 conser-

15 3653 130 3738 'viturr
157 3672 284 3748 potatu
304 3654 446 3750 suavis,
467 3656 501 3729 dt
524 3656 586 3734 sub
610 3655 742 3730 estivis
767 3653 949 3728 caloribus
978 3651 1068 3726 sum·

21 3764 65 3818 me
81 3751 293 3847 refrigerans
315 3751 377 3840 sin
404 3753 629 3848 &peculiari
648 3766 842 3850 eapropter
859 3749 978 3824 Sneco
1000 3771 1068 3844 n03

15 3845 124 3954 utine,
144 3852 472 3942 utiliore-Drinio,
488 3855 623 3943 donata
637 3851 702 3930 est.
750 3851 809 3928 De
826 3873 899 3946 quo
920 3849 1068 3940 quidem

172 3993 176 3999 ·
338 3995 397 4006 -·
524 3949 598 4040 Po
755 3991 772 4018 .
934 3947 1066 4019 mmm
