2640 4744
278 159 392 295 aas
538 163 1084 291 soruss‘cuoootnrns

278 395 347 472 ltus
369 381 565 469 admiscent
580 387 747 488 ingestis:
795 383 900 489 Carya
964 399 1003 469 lli
1018 387 1303 490 acres-utranto-

279 491 591 569 tes'calciaciendi
614 489 728 586 scopo
742 503 826 584 apte
841 511 880 564 rc
896 493 1071 585 pondeut.
1096 497 1304 567 siracusanum

277 613 395 683 vero,
420 604 462 664 ut
485 591 654 684 princept
684 587 947 683 toalopocori,
974 613 1048 688 quo
1079 587 1243 666 efficacius
1263 591 1303 663 nil

278 690 382 770 dedit
400 703 551 778 natura,
575 685 735 762 nostram
760 687 897 762 summo
915 690 995 781 J'ure
1022 689 1210 785 ingredior
1225 687 1302 762 Cho·

278 789 471 880 colatum,
486 785 592 878 eujus
619 786 801 879 precipua
829 785 885 862 vis
910 786 954 860 sit
974 803 1110 861 neruos
1133 784 1301 858 actuandi.

275 886 448 980 Heluius,
474 881 535 976 qui
559 883 746 975 frequenti·
767 899 957 956 exercetur
978 885 1124 974 labore,
1148 885 1235 958 bone
1257 903 1302 974 ap·

276 983 395 1080 petit,
407 991 488 1056 nec
506 979 728 1054 stomachum
747 981 948 1074 pharmacis
964 985 1136 1057 vellicare
1152 999 1237 1075 opus
1249 980 1302 1065 cst

277 1079 484 1158 nobiliores
509 1097 620 1168 vero,
646 1079 708 1170 qui
727 1077 878 1152 otiosam
890 1081 1032 1176 oegunc
1053 1083 1184 1168 vitam,
1208 1077 1303 1151 conti·

277 1200 356 1255 nuo
380 1176 587 1252 alliciuntur
602 1177 770 1250 ciborum
790 1175 957 1268 fastidio,
982 1179 1301 1272 &quoduentricu-

277 1278 303 1352 li
326 1275 502 1352 restauret
519 1274 676 1348 amissum
700 1275 812 1348 robur
833 1277 940 1348 anxie
957 1293 1140 1368 querunt,
1168 1275 1219 1349 lris
1239 1275 1301 1368 pro·

276 1374 361 1450 sunt
382 1381 564 1462 aromata,
597 1395 675 1466 quae
699 1391 835 1446 nervos
864 1374 1101 1468 refocillent,
1127 1376 1161 1448 h.
1176 1395 1207 1447 c.
1228 1372 1308 1444 vires

276 1469 365 1548 vito
379 1471 559 1563 incitent,
585 1493 664 1565 qua
686 1471 768 1545 otio
788 1472 896 1566 plane
918 1471 1152 1548 suffocantur.
1252 1547 1254 1554 ,
1284 1501 1289 1514 ·

372 1763 562 1841 Absolutis
582 1764 706 1860 itaque
721 1765 883 1858 tissone
899 1763 945 1840 de
962 1785 1176 1860 quacunque
1189 1761 1301 1836 Quen

275 1867 386 1948 latam
396 1863 643 1941 constituente
653 1862 1171 1959 speciescituneceuariatunt,
1183 1853 1309 1935 usual.

274 1965 384 2060 hujus
401 1980 512 2059 potus
527 1964 652 2058 paucis
664 1963 738 2056 jaro
749 1961 979 2037 indicandum
996 1959 1082 2050 esse,
1104 1962 1249 2034 videtur.

279 2143 287 2148 ,
311 2107 340 2148 ·>
373 2062 603 2152 Americanis
630 2059 854 2136 ordinarium
877 2062 1014 2154 prabet
1039 2059 1235 2144 Ghocolata
1257 2053 1301 2124 ali·

275 2176 459 2244 mentum:
482 2159 666 2252 Hispani,
685 2159 755 2250 nui
781 2158 1007 2232 coloniarum
1038 2157 1300 2234 Americanarun

275 2259 469 2336 maximam
500 2256 679 2350 possident
707 2269 869 2348 partem,
894 2257 939 2330 ab
969 2255 1069 2330 Indis
1095 2253 1208 2330 edulii
1234 2252 1301 2324 huuc

277 2357 388 2432 ctiam
405 2353 633 2446 frequentius
649 2348 851 2446 sorbiliapt,
871 2375 974 2448 quant
990 2367 1130 2430 caeterae
1147 2348 1300 2442 Europes

274 2467 423 2550 gentts3
449 2472 555 2524 mane
573 2452 670 2526 enirn
693 2450 865 2546 hauriunt
881 2474 924 2526 ac
945 2451 1100 2547 vesperi,
1115 2452 1201 2546 quin
1219 2445 1300 2518 ctian

273 2549 402 2643 sapius
426 2547 474 2624 de
499 2548 590 2638 die„
607 2549 737 2642 eodem
764 2549 877 2642 modo
901 2571 944 2623 ac
975 2549 1105 2624 Batavi
1131 2537 1301 2622 Theon&

274 2645 455 2722 eoffean.
491 2645 613 2740 ,Apud
641 2643 974 2742 nosuClrocolatam
999 2647 1166 2741 inprimis
1188 2646 1221 2718 in
1239 2637 1301 2712 dcli·

272 2745 342 2827 ciis
361 2746 500 2820 habent
518 2745 672 2818 soeminae
691 2733 915 2834 nobiliores,
942 2768 993 2818 eae
1012 2769 1166 2842 nempe,
1184 2753 1301 2843 quacun

272 2845 366 2942 gulo
389 2843 607 2932 fortioribus
623 2865 701 2917 non
718 2839 858 2940 assuete
877 2843 1090 2938 spirituosrs,
1111 2837 1252 2918 naturali
1266 2837 1301 2902 dr·

271 2943 439 3038 xiguntur
464 2937 655 3032 iussissem,
684 2962 730 3013 ac
753 2939 931 3016 infantum
963 2963 1089 3030 more,
1116 2939 1210 3014 acria
1235 2933 1301 3030 sper·

271 3052 388 3132 nunt,
413 3037 547 3130 inertia
568 3058 659 3111 vero
677 3059 721 3112 ac
737 3035 855 3113 dulcia
876 3041 1014 3136 eligunt
1034 3038 1183 3138 ingesta.

367 3332 437 3408 His
454 3327 626 3405 omnibus
643 3329 822 3404 laudabile
842 3331 1000 3426 suppetit
1010 3325 1303 3406 Chocolata-nuui·

269 3448 419 3508 orntum.
471 3429 549 3525 Janr
584 3451 687 3501 vero.
706 3430 981 3523 inquirendum,
1007 3431 1140 3526 quibus
1168 3433 1203 3502 in
1231 3437 1304 3498 mor·

269 3531 327 3605 bis
343 3530 453 3606 etiam
475 3527 619 3621 prostat
640 3530 918 3617 eradicamentum,
944 3531 1006 3602 ubi
1033 3549 1080 3602 eo
1100 3528 1212 3602 tutius
1228 3537 1304 3595 eon·

268 3627 508 3703 mendandam
542 3624 811 3716 existimamus,
837 3649 911 3718 qtto
941 3627 1054 3721 magis
1080 3627 1144 3701 sibi
1171 3621 1303 3698 medicus

268 3727 469 3818 gratuletur
498 3723 543 3798 de
572 3723 737 3798 remedio
772 3725 894 3816 pelato
922 3742 1052 3818 grato,
1078 3745 1152 3817 quo
1177 3709 1304 3821 sinuli!

267 3823 477 3897 Diaeteticis
494 3815 822 3918 &Tlrcrapcuticis
839 3818 1043 3898 satisfacere
1061 3821 1220 3919 potuerit
1233 3809 1304 3888 init·

271 3919 491 3997 sationibus.
646 3925 686 3966 ·'
765 3915 773 3926 ”
874 3955 908 3968 -·
980 3948 1180 3970 ---···

322 4047 331 4058 ·
1233 4006 1305 4084 Sunt
