2688 4752
262 213 329 295 158
387 159 766 276 FUNDA'MENTA
796 192 1210 274 nmorrotonrra.
1260 255 1268 286 ,

257 381 347 456 bulo
372 377 538 471 constet,
562 375 605 452 ad
631 396 739 470 quarn
761 373 905 469 Papilio
930 372 1123 450 sellionem
1151 374 1192 450 lit
1217 375 1298 451 refe·

257 477 496 676 tend'gir'arta
511 572 669 648 sediione
686 573 888 669 Nyrnpluu
911 593 932 644 a
948 569 1143 665 Nymphis,
1161 569 1193 643 dr
1209 571 1298 664 quin·

258 687 296 751 ta
313 675 459 768 Heluii,
490 695 510 746 a
538 670 687 745 diverlis
711 670 802 742 viris
822 669 1039 762 antiquioris
1061 670 1151 756 aevi,
1178 689 1298 741 memo·

257 786 340 849 ratu
369 770 509 867 dignis,
543 769 742 844 sortiuntur
774 769 947 858 nomina,
993 783 1034 840 ut
1065 766 1297 858 jucundillrme

257 871 345 947 huic
367 868 548 958 scientie,
567 867 706 940 erudita
726 887 873 959 quoque
891 865 1132 950 immisceatur
1151 881 1297 937 veterum

258 968 431 1042 eruditio.
483 966 623 1041 Omnes
650 966 792 1058 itaque,
818 965 880 1055 qui
906 985 1008 1037 nova
1030 963 1219 1036 inveniunt
1239 961 1296 1033 Le·

257 1065 475 1162 pidoptera,
501 1065 613 1139 novis
638 1062 849 1136 nominibus
876 1061 1127 1156 imponendis,
1157 1061 1296 1133 similitu·

257 1165 380 1239 dinem
404 1164 623 1240 continuare
645 1162 802 1253 debent,
828 1161 947 1235 finon
970 1159 1114 1235 constet
1126 1159 1215 1232 unde
1235 1158 1296 1250 ipe·

257 1264 335 1340 cies
358 1262 551 1336 nutriatur.

355 1358 553 1446 COLOR,
579 1355 639 1448 qui
671 1371 747 1431 tum
775 1355 937 1448 inullis,
964 1368 1040 1430 tum
1059 1354 1095 1428 in
1119 1354 1182 1428 hac
1201 1351 1294 1446 potis·

255 1460 380 1535 limum
413 1469 517 1551 parte
546 1453 717 1530 Historrae
756 1457 952 1543 naturalis,
990 1455 1103 1528 toties
1133 1452 1313 1536 occurrit„

255 1554 470 1647 neutiquam
503 1551 626 1625 verbis
656 1551 800 1626 deliniri
831 1553 971 1646 potest,
1009 1552 1068 1626 sed
1095 1549 1294 1643 inspetiione

256 1653 396 1727 oculari
427 1649 479 1724 est
499 1649 786 1742 cognoscendus.
840 1651 938 1724 Hinc
960 1650 1003 1722 ad
1019 1648 1293 1738 Entomologiam

256 1749 504 1824 Carniolicam
529 1748 606 1822 Dni
621 1751 749 1844 Scopuli
768 1745 958 1822 Ledlorem
977 1749 1199 1821 Benevolum
1215 1746 1293 1815 able·

254 1862 376 1946 gatum
401 1848 505 1925 volo.
570 1845 606 1918 ls
629 1847 751 1938 enim,
778 1848 893 1939 qualis
917 1847 1049 1920 debeat
1070 1845 1137 1918 esse
1160 1847 1294 1917 mixtura

256 1947 302 2021 ad
321 1947 486 2020 colorem
507 1965 771 2040 quemcumque
785 1945 1126 2041 representandum,
1146 1937 1292 2014 ostendit.

354 2048 460 2118 Sexus
481 2043 672 2119 maximam
699 2045 738 2118 in
756 2043 836 2135 his,
862 2042 1109 2138 &prasertim
1128 2041 1293 2134 Hymeno·

254 2142 392 2238 pteris,
425 2143 522 2236 parit
546 2141 814 2230 difficultatem
848 2142 944 2216 unde
967 2141 1050 2214 fieri
1081 2139 1232 2234 poterit,
1263 2143 1295 2202 ut

254 2239 581 2315 Tenthredines&
607 2240 876 2316 ichneumones
908 2240 1111 2315 enumerati
1135 2237 1177 2310 ad
1195 2235 1292 2309 mino·

255 2360 332 2412 rem
358 2337 576 2412 reducantur
596 2359 799 2413 numerum.

352 2434 604 2509 MENSURA
635 2436 850 2511 insediorum
885 2458 963 2510 non
991 2434 1136 2528 prorsus
1167 2425 1292 2524 quidem

254 2532 525 2609 contemnenda
549 2534 717 2626 videtur,
747 2535 843 2609 unde
871 2533 1052 2607 Austores
1084 2548 1223 2628 quoque
1244 2543 1292 2592 va·

253 2629 300 2708 rii
331 2631 598 2726 longitudinem
637 2645 745 2725 atque
776 2634 1005 2708 latitudinem
1039 2654 1162 2705 eorum
1190 2625 1292 2698 secun·

254 2731 340 2806 dum
391 2731 505 2805 lineas
557 2730 726 2804 adcurate
771 2731 1088 2806 mensuraverunt:
1140 2720 1292 2802 Insertum

254 2831 354 2905 enim
380 2828 486 2901 semel
514 2830 678 2922 expansrs
713 2830 778 2903 alis
810 2828 1053 2918 declaratum,
1079 2826 1199 2925 postea
1224 2836 1291 2889 ean·

254 2929 360 3017 dem,
388 2926 413 2998 sr
442 2944 567 3019 aptera
597 2929 806 3020 exceperis,
844 2927 1128 3022 magnitudinem
1162 2919 1291 2996 retinet,

254 3025 313 3101 sed
348 3024 424 3096 lraec
455 3037 575 3098 tamen
599 3023 817 3098 mensuratio
841 3023 937 3097 haud
963 3047 1047 3097 raro
1080 3021 1228 3098 maxine
1251 3003 1292 3080 est

253 3125 376 3198 fallax.
422 3119 574 3194 sienim
599 3123 700 3193 larva
721 3120 852 3195 famem
870 3121 963 3215 palla
985 3121 1076 3214 fuit,
1097 3119 1293 3195 declaratum

254 3220 337 3294 aliis
365 3217 524 3311 ejusdem
554 3217 684 3312 speciei
709 3216 752 3292 fit
776 3221 907 3294 minus.
961 3218 1060 3294 Idem
1090 3220 1194 3293 etiarn
1219 3202 1270 3280 ins
1281 3239 1292 3256 ·

253 3317 351 3393 (lum
375 3337 421 3388 ex
446 3315 593 3390 diverlis
619 3315 831 3408 regionibus
855 3317 1102 3412 magnitudine
1130 3316 1214 3406 sepe
1242 3321 1292 3372 va·

252 3419 346 3506 riat,
379 3427 421 3487 ut
451 3411 574 3508 Silpha
604 3412 781 3506 vespillo,
819 3437 897 3508 quae
926 3415 965 3488 in
998 3417 1168 3491 America
1196 3399 1291 3495 dupl⁰

254 3511 648 3605 &mmmmm
1083 3556 1087 3565 -

353 3609 551 3684 Coronidis
588 3611 676 3681 loco
716 3605 1029 3706 Metamolphol'rn
1075 3605 1291 3686 insessurum,

255 3707 447 3796 omnibus,
471 3727 535 3800 per
548 3706 704 3780 estatem
720 3729 804 3779 rure
821 3708 1058 3803 degentibus,
1085 3704 1228 3782 ulterius
1243 3711 1292 3800 el·

253 3805 465 3904 plorandam
500 3803 609 3877 enixe
645 3805 950 3880 commendamus.
1016 3804 1179 3902 Jucunda
1210 3805 1292 3866 enm

252 3907 331 3984 hec
358 3903 429 3980 erit
451 3901 628 3998 temporis
650 3901 799 3977 fallendi
820 3905 938 3999 ratio,
961 3905 1084 4000 srquis
1105 3922 1169 4000 per
1192 3890 1292 4058 otilgru
