2640 4744
268 173 339 248 ιιι
382 99 388 106 ’
527 155 747 232 seruatus
777 121 1065 236 rauranum.

267 340 370 416 fluxu
387 293 609 415 diluentibus
634 337 794 412 sentiunt
815 359 960 413 noxam.
1011 339 1124 414 Laudi
1141 307 1223 435 apud
1242 363 1299 418 nos

268 437 414 512 ducitur
436 437 658 510 fortilbnrum
678 437 818 509 haurire
840 435 1023 532 spiritum
1049 439 1158 530 &qui
1177 439 1301 511 dilutio·

267 551 511 620 remanant,
540 536 629 626 laepe
655 534 828 607 ridentur.
891 535 960 608 Sed
990 534 1200 611 vaniffimaln
1224 538 1301 610 lianc

269 633 485 726 opinionem
506 649 647 726 tempus
664 631 798 705 refellit
814 631 847 704 dt
863 635 1085 708 contrarium
1104 632 1178 725 lpfo
1192 635 1301 708 effeflu

269 729 440 808 ostendit.
478 729 691 803 Obvertunt
706 729 943 804 ferventioris
961 731 1105 826 spiritus
1124 747 1300 825 potatores,

266 831 404 902 multos
442 829 528 902 huic
564 829 698 922 liquori
726 827 868 900 deditos
895 829 1148 905 abstemiorum
1179 827 1301 921 equale

268 944 433 1001 etatem:
468 925 524 998 feri
549 927 585 998 in
606 923 722 998 caulla
742 925 995 1002 constituenda
1024 927 1301 1022 aberrant‘pluri·

266 1047 378 1098 inum.
430 1025 467 1096 si
488 1024 590 1098 enirn
612 1024 786 1136 majorem
806 1024 1026 1099 consulimus
1052 1047 1251 1113 numerum,
1264 1023 1301 1097 la·

268 1125 339 1196 cile
362 1121 520 1214 patebit
554 1119 725 1214 spiritum
721 1120 833 1194 bunc
850 1124 1026 1196 meracius
1050 1137 1215 1218 potantes
1238 1141 1300 1196 raro

267 1221 382 1293 vitam
407 1217 562 1294 habuisse
583 1219 810 1307 diuturnam,
835 1221 1004 1294 debiliori
1030 1234 1150 1294 autem
1177 1235 1300 1293 conten·

267 1331 351 1407 tos,
385 1319 428 1391 ad
463 1317 647 1411 grandem
669 1317 897 1408 frequentius
931 1317 1134 1410 pervenille
1164 1307 1300 1402 lfenetlu·

267 1431 354 1493 tem.
409 1414 557 1488 Paucis:
590 1415 711 1508 plures
736 1413 872 1507 Spiritu
899 1415 1097 1506 frumenti,
1124 1437 1221 1508 quam
1244 1415 1299 1508 pul·

266 1533 356 1585 vere
376 1515 507 1606 pyrio,
534 1525 618 1584 ante
637 1524 779 1604 tempus
801 1513 1068 1591 occubuerunt.
1120 1511 1301 1604 Corrumpit

266 1611 328 1684 hic
354 1613 477 1702 liquor
511 1623 682 1702 gentem,
712 1610 1011 1702 intemperantius
1041 1611 1128 1686 lruic
1151 1610 1300 1700 deditam,

266 1708 437 1784 homines
465 1705 584 1780 reddit
610 1705 772 1779 infirmos
799 1705 832 1776 d
862 1707 1033 1800 miseros,
1068 1725 1108 1781 ut
1140 1713 1196 1802 qui
1227 1711 1311 1782 huucw

254 1807 470 1902 ,expelleret
497 1802 657 1892 holtem,
683 1805 762 1897 plus
787 1805 911 1896 patriae
936 1805 1096 1880 adferret
1120 1805 1299 1896 commodi,

270 1925 374 1999 quam
402 1903 463 1999 qui
496 1900 621 1978 foruli
611 1923 704 1976 mos
731 1901 914 1977 domuerit
937 1905 1107 1980 rebelles.

342 2199 425 2273 'De
447 2199 634 2273 effeftibus
654 2197 798 2289 sp³·itus
817 2198 988 2272 frumenti
1009 2197 1178 2274 Politicis
1201 2193 1297 2270 &Oe

268 2296 475 2372 conomicis
492 2299 603 2368 multa
626 2297 749 2367 forent
761 2292 936 2382 dicenda,
966 2296 1051 2370 fiad
1073 2297 1227 2371 nostrum
1242 2295 1298 2368 hac

267 2395 441 2486 forump
446 2394 557 2466 urtin.
563 2403 655 2464 rent.
709 2389 872 2465 Centena
896 2393 1009 2467 millia
1035 2407 1224 2470 tonnarum
1245 2389 1296 2462 fur·

267 2493 382 2566 menti
410 2417 453 2562 apd
484 2491 662 2583 liquorem
683 2488 779 2562 hunc
796 2488 1129 2583 conficiendum,
1119 2515 1155 2566 ιιι
1174 2489 1297 2563 marina

267 2588 390 2664 nollra
412 2588 515 2671 urbe,
535 2585 729 2678 quotannis
749 2586 909 2661 consumi
926 2587 1106 2676 referunt,
1122 2590 1181 2662 ubi
1195 2582 1297 2694 viginti

269 2688 429 2780 quinque
451 2687 562 2760 millia
583 2701 775 2758 tonnarum
798 2684 841 2758 ad
857 2685 1026 2760 alimenta
1047 2687 1232 2761 sufficiunt.
1271 2679 1296 2752 Sl

268 2799 424 2860 centena
435 2785 581 2860 circiter
593 2783 704 2857 millia
717 2780 931 2876 prediorum
946 2806 1011 2877 per
1021 2784 1189 2859 Sueciam
1201 2797 1297 2857 nune·

268 2897 416 2996 rantur,
442 2905 594 2976 quorum
614 2881 804 2975 quodlibet
825 2895 897 2954 tres
919 2884 1052 2972 quovis
1077 2905 1175 2957 anno
1192 2895 1313 2956 tonnas·

267 2981 320 3074 sp
310 2983 396 3056 tritu
416 2983 584 3054 frumenti
610 2977 823 3053 destillando
847 2978 1046 3068 consumit,
1070 2980 1147 3054 hoc
1165 2989 1299 3053 trecenta

244 3087 246 3094 ’
270 3081 467 3170 quotannis
489 3099 679 3150 aureorum
701 3077 812 3150 millia
830 3075 961 3166 efficit,
983 3099 1060 3170 quae
1081 3077 1163 3152 fane
1182 3069 1297 3168 insignis

266 3178 366 3256 foret
388 3177 597 3249 diuitiarum
621 3172 782 3248 accello.
833 3173 1029 3248 Frumenta
1048 3175 1093 3248 ad
1112 3175 1239 3250 vietum
1253 3187 1297 3244 ut·

267 3275 412 3350 cellaria
435 3297 517 3347 raro
536 3274 736 3366 producere
755 3273 879 3364 potuit
904 3271 1029 3364 patria
1083 3273 1121 3344 Si
1142 3295 1229 3346 tero
1245 3267 1298 3340 fru-

267 3390 427 3448 mentum
446 3393 578 3458 omne,
607 3367 798 3463 quodiam
822 3381 898 3441 arte
921 3371 1118 3442 cbemica
1107 3393 1146 3446 ιιι
1163 3367 1299 3472 spiritum

267 3475 364 3556 abit,
389 3468 685 3554 conseruaretur,
721 3466 910 3540 frumentis
936 3481 1147 3542 exterorum
1171 3481 1298 3552 conqtu·

265 3571 386 3644 rendis
424 3563 648 3659 supersedere
680 3562 868 3655 pollemus.
929 3566 1071 3661 Vulgus
1106 3567 1156 3640 ob
1185 3575 1298 3656 porcos

264 3667 414 3740 alendos
434 3662 701 3737 confectionem
721 3659 875 3753 Spiritus
901 3662 1071 3738 frumenti
1092 3659 1298 3737 necellariam

262 3764 465 3839 contendit
518 3761 585 3833 Sed
600 3762 706 3851 etjam
725 3773 809 3832 ante
827 3759 1069 3834 introductum
1088 3763 1184 3835 bunc
1200 3758 1298 3848 liquo

259 3885 335 3938 rem
353 3864 476 3957 porcis
490 3857 668 3957 gaudebat
684 3857 852 3950 Suionia,
871 3857 904 3932 u
922 3859 1025 3934 cives
1040 3859 1297 4026 quidem'gqflssff

1282 3995 1292 4037 l
