2688 4752
106 217 486 301 FUNDAMENTA
514 219 954 304 ORNI'I'HOLOGICA
1004 241 1074 320 teg

468 405 502 496 §-
551 399 634 482 xn.

112 511 540 610 DESCRIPTIONES,
575 535 655 612 que
689 515 916 594 differentias
947 535 1076 592 omnes

19 614 198 712 poffibiler
225 629 311 687 ante
335 616 466 688 oculos
490 629 656 710 ponunt,
682 615 858 712 prime&
887 613 1078 712 precipuae

20 715 121 806 hujus
140 711 301 786 scientie
326 709 407 786 sunt
427 713 628 802 columne,
653 711 783 808 qulbus
798 713 1079 802 vacillantibus,

21 814 123 885 etiam
149 811 233 883 idea
254 809 333 882 avis
356 811 528 904 vacillet,
550 809 691 887 neceffe
711 811 775 886 est.
824 811 934 888 Omni
957 811 1080 902 itaque

23 929 129 1004 opera
149 909 189 982 in
211 906 249 980 id
270 907 458 982 incumbet
473 905 709 1003 Descriptor,
729 909 801 984 rite
820 922 861 985 ut
878 909 1082 984 delineetur

22 1009 116 1097 avis,
141 1026 193 1080 oe
217 1027 263 1080 ex
287 1005 387 1080 notis
404 1005 456 1080 rei
476 1005 661 1102 descripte
677 1007 780 1103 vagis
798 1021 907 1102 atque
931 1003 1081 1082 incertis

23 1105 202 1180 continuo
222 1103 383 1177 vacillet.
433 1105 619 1201 Quocirca
634 1107 751 1180 nullae
772 1107 818 1179 ab
836 1119 991 1180 externo
1018 1103 1081 1178 ha·

23 1205 95 1278 bitu
116 1198 299 1275 desumter
322 1217 414 1276 notar
439 1203 703 1296 pretenrrittat.
754 1201 1000 1298 Praescriptum
1020 1219 1083 1274 na·

26 1315 106 1374 ture
136 1302 283 1390 ordinem
313 1297 481 1395 religiose
506 1297 666 1392 servans,
690 1322 710 1375 a
734 1301 855 1395 capite
882 1299 927 1378 ad
947 1293 1085 1374 calcem

25 1393 224 1493 procedet,
253 1393 287 1469 dc
313 1415 390 1472 non
416 1397 518 1472 versa
542 1397 639 1475 viee.
691 1401 878 1488 Brevitati,
910 1409 1086 1494 quantum

25 1517 132 1590 penes
160 1491 197 1568 sc
220 1493 354 1582 luerit,
384 1493 562 1586 studebit,
596 1517 644 1572 ne
673 1497 787 1572 nimia
810 1495 967 1574 dicendo
987 1491 1086 1570 fasti·

28 1593 121 1666 dium
142 1605 308 1667 moveat.
360 1591 483 1668 Partes
500 1613 628 1670 omnes
639 1593 879 1694 subsiccivis,
909 1595 1086 1670 &earum

31 1690 253 1764 differentias
267 1683 456 1784 adjer'liuim
476 1689 671 1786 (exclusis,
697 1691 776 1769 lieri
799 1691 910 1770 ficubi
932 1691 1086 1790 poterit,

31 1791 198 1863 omnibus
219 1789 258 1862 in
275 1785 395 1861 schola
413 1788 464 1861 ita
478 1789 582 1864 dietis
592 1783 752 1882 verbim)
763 1804 937 1886 exponet.
988 1789 1087 1864 Stru-

33 1887 177 1977 euram,
197 1905 303 1980 quam
320 1885 447 1961 dicunt
461 1887 735 1984 naturallffimam,
751 1887 867 1964 scient
883 1890 1016 1966 volent
1032 1887 1089 1962 in·

32 1984 155 2058 tndem
175 1983 379 2076 relinquet;
408 2006 440 2060 e.
452 2003 494 2155 ἓ.
514 1983 669 2059 rostrum
694 1985 732 2060 in
756 1985 876 2080 capite
897 1983 1089 2077 anteriori,

34 2084 162 2156 collum
193 2081 290 2156 inter
316 2095 427 2176 ceput
507 2095 698 2172 nuncum,
724 2081 790 2157 ale
813 2082 893 2158 due
918 2085 953 2158 dc
978 2081 1092 2178 pedet

34 2181 124 2270 duo,
149 2181 296 2272 aliaque
316 2178 565 2272 eJuscemodi,
593 2196 673 2274 que
696 2177 919 2258 llomaclrum
940 2179 1092 2276 legenti·

35 2279 96 2352 bus
112 2291 324 2352 moverent
375 2277 551 2374 Mensura,
565 2275 661 2352 illam
679 2278 814 2372 loquor
825 2291 1093 2376 geometrarum

35 2375 75 2447 ad
86 2373 329 2470 decempedas
344 2375 524 2466 exaltem,
548 2395 654 2470 quern
666 2377 836 2452 nonnulli
849 2377 942 2456 adeo
954 2377 1093 2472 impen-

36 2471 363 2561 recommendant,
389 2493 432 2546 ec
448 2471 472 2546 sr
489 2472 525 2548 in
537 2471 781 2568 descriptione
791 2475 881 2550 nihil
897 2475 997 2572 prior
1008 2469 1095 2548 ellet

37 2587 95 2744 {l}
109 2568 596 2764 “lllllllllllt
616 2569 1093 2748 uillelltelll·

832 2721 845 2760 ἱ
1080 2717 1096 2758 a

37 2766 126 2841 {afta
144 2765 286 2839 scilicet
300 2763 480 2840 relatione
497 2763 540 2840 ad
559 2787 664 2842 avem
680 2765 913 2843 domesticam
936 2769 998 2844 vel
1060 2789 1096 2842 e·

37 2863 173 2940 beculae
191 2875 333 2954 notam,
355 2885 387 2936 e.
408 2885 441 2958 g.
463 2862 507 2937 ed
532 2857 815 2958 magnitudinem
829 2863 989 2964 paffrris,
1054 2873 1097 2940 ἠ·
1144 2883 1148 2894 ’

36 2969 145 3054 gille,
173 2963 284 3048 terli,
315 2965 484 3050 columbe,
517 2969 676 3050 cornicis,
709 2967 860 3056 galline,
890 2967 1013 3062 miseris
1028 2963 1096 3040 dc.

38 3059 170 3156 Figura
199 3057 323 3133 exalia
353 3057 594 3152 pulcherrime
626 3059 800 3152 illustrat,
833 3061 892 3136 sed
916 3061 1013 3158 pilio
1031 3059 1099 3136 dif-

38 3157 223 3248 ficillima,
248 3168 386 3232 tantum
401 3177 477 3232 non
492 3155 530 3234 in
552 3171 629 3232 arte
645 3157 777 3234 heroes
794 3159 858 3236 libi
872 3159 1049 3256 deposcit.

481 3305 515 3394 §-
566 3297 666 3374 xur.

135 3409 350 3511 GENERA
376 3417 541 3486 mturella
564 3433 629 3506 per
653 3406 778 3488 omnia
801 3423 938 3487 neturae
967 3429 1101 3512 regna,

39 3515 103 3592 sub
126 3514 209 3607 ipsu
226 3531 345 3585 rerum
365 3509 571 3601 primordiis
594 3509 743 3585 condite
762 3533 804 3584 ac
829 3509 984 3586 stabilita
1008 3513 1102 3608 elle,

37 3609 208 3686 veterani
232 3631 274 3682 ac
297 3607 531 3682 consummati
553 3620 688 3681 nature
710 3606 864 3684 consulti
881 3609 1103 3706 agnoscunt,

40 3712 176 3786 dentur
200 3707 287 3779 licet
310 3705 446 3780 novitii
470 3726 622 3779 numero
647 3727 723 3780 non
755 3703 884 3800 pauci,
920 3707 1014 3784 hanc
1040 3711 1104 3801 qul

42 3809 158 3882 thefin
195 3817 274 3878 tota
311 3801 370 3876 die
399 3802 633 3900 impugnant,
676 3819 811 3878 nature
840 3807 1105 3882 convenientia

42 3901 277 3996 dirimendo,
308 3901 555 3978 combinando
575 3899 737 3996 diversa,
776 3905 833 3978 vel
852 3903 964 3980 saltim
986 3915 1105 4076 affir-

724 4013 729 4026 '
1069 4021 1105 4078 e»
