2688 4752
285 179 352 251 188
387 164 766 242 FUNDAMENTA
794 159 1266 241 AGROSTOGRAPHIAE:

281 345 417 434 ubique
445 344 547 416 inre
574 344 763 434 herbaria,
790 366 922 439 genera
952 342 1079 434 maiori
1107 341 1163 411 vel
1195 339 1306 412 minori

280 445 480 536 junguntur
501 440 685 514 affinitate.
734 443 860 536 Opera
891 446 1041 516 Naturae
1060 439 1149 532 quast
1176 437 1207 509 in
1228 453 1304 506 cate·

279 563 326 614 na
353 563 428 612 non
456 541 657 630 interrupta
688 540 855 634 disposita
886 541 1020 637 fingere
1045 540 1148 620 licet;
1176 532 1305 606 iinobis

279 637 481 731 perspeiia‚
507 636 531 710 st
560 639 655 710 bene
683 639 832 733 cognita
854 639 966 714 client
991 635 1132 720 omnia,
1155 631 1305 704 difficilius

279 735 453 829 segregari
487 732 629 826 possent
654 757 809 830 genera,
843 737 875 808 ἃ
909 739 1057 812 minima
1086 733 1179 805 foret
1207 726 1304 820 prori-

278 855 419 905 morum
448 833 683 906 articulorum
709 833 929 908 differentia.
993 839 1079 940 Quo
1108 827 1245 922 propius
1273 821 1305 894 ad

276 929 455 1022 fastigium
488 929 615 1004 evecta
642 931 757 1004 fuerit
780 930 930 1007 scientia
960 935 1102 1016 haecce,
1139 937 1206 1017 quo
1226 920 1304 1014 penu

278 1028 351 1100 tius
372 1027 547 1101 Naturam
568 1029 736 1124 indagare
760 1033 968 1123 valeamus,
994 1043 1097 1104 tanto
1118 1026 1258 1112 majores
1276 1017 1303 1088 in

276 1127 378 1199 notis
396 1125 612 1199 familiarum
630 1129 866 1221 explanandis
883 1130 1110 1204 difficultates
1129 1119 1303 1210 exsurgunt

275 1224 412 1296 limites
430 1224 527 1296 enim
548 1223 670 1300 sensim
696 1225 891 1320 senfimque
908 1228 1135 1302 obscuriores
1158 1215 1301 1320 evadunt.

276 1320 420 1394 Frustra
441 1323 549 1414 igitur
567 1342 587 1393 a
604 1321 792 1415 systemate
816 1327 949 1415 quovis
973 1338 1107 1399 tantam
1132 1314 1302 1411 quaesrvetts

277 1420 557 1506 certitudinem,
584 1419 678 1511 quast
707 1443 782 1496 non
806 1423 876 1497 suis
903 1423 1057 1517 subjecta
1078 1417 1161 1492 eilet
1183 1406 1302 1483 difficul-

276 1517 435 1604 tatibus,
460 1515 530 1588 suis
556 1519 849 1610 exceptionibus.
902 1521 959 1594 Ad
982 1523 1054 1596 boc
1072 1507 1302 1590 facilitandun,

271 1635 319 1714 *ea
349 1615 530 1705 precipue
567 1634 720 1709 genera,
753 1638 832 1708 quae
869 1620 1026 1693 maxime
1067 1629 1109 1689 ut
1137 1612 1185 1683 ita
1210 1605 1302 1677 dican

274 1709 591 1881 congargguinitate
631 1713 838 1810 propinqua
881 1717 984 1810 sunt,
1021 1716 1135 1793 adbuc
1162 1716 1302 1801 repetent

276 1829 349 1884 eno
376 1831 395 1880 a
423 1829 459 1882 o.

270 2001 276 2012 .
371 1927 643 2008 Cornucoarn
672 1945 773 2008 tanta
801 1953 884 2007 cum
917 1931 1155 2007 Anonucuao
1188 1907 1302 1993 corolla

271 2026 442 2122 univalvi
463 2051 645 2106 annexum
669 2030 721 2106 est
738 2029 934 2118 affinitate,
966 2046 1008 2102 ut
1030 2029 1125 2102 nulla
1141 2019 1205 2094 alia
1221 2023 1300 2095 nou,

273 2147 380 2220 quam
399 2125 597 2202 involucro
613 2130 770 2225 prioris,
790 2130 886 2202 inter
902 2127 936 2202 ie
960 2127 1226 2222 distinguantur.

369 2246 625 2321 Aurea-m
646 2260 727 2322 tota
742 2246 922 2320 interdum
942 2246 1038 2322 facie
1053 2245 1241 2344 Laoueou
1255 2221 1300 2297 vel

270 2340 425 2417 Srresu
443 2345 695 2437 representat,
724 2355 766 2418 ut
783 2357 954 2438 tanquam
972 2343 1129 2418 medium
1146 2335 1197 2409 his
1215 2340 1298 2438 interj

272 2441 427 2533 posstum
460 2441 528 2515 esse
559 2443 747 2530 videatur3
779 2463 862 2516 nam
895 2443 959 2518 oifi
996 2437 1160 2516 adhibito
1194 2437 1298 2532 majorl

271 2537 562 2632 accuratiorique
600 2541 768 2615 examine
808 2541 987 2634 partium,
1032 2537 1180 2634 quisque
1214 2519 1299 2599 facile

269 2634 455 2728 Anyttaam
481 2639 656 2733 plumusum
685 2637 809 2735 generi
838 2642 939 2735 Stipae
961 2633 1184 2713 tribuendam
1204 2613 1297 2726 ceule

268 2746 336 2805 ret.
388 2735 547 2828 Lagurus
569 2736 702 2826 etiam,
729 2734 813 2812 dum
837 2750 910 2810 tres
936 2759 1083 2830 quoque
1106 2730 1228 2804 babeat
1248 2731 1297 2828 arl-

266 2829 358 2922 stas,
393 2855 474 2906 cum
504 2835 570 2906 bac
600 2833 708 2908 facile
734 2833 997 2927 confunditur,
1033 2842 1237 2929 quamquam
1259 2832 1298 2886 ¹⁰·

268 2926 428 3004 sectione
454 2931 638 3006 aristarum
666 2931 848 3008 differant.

363 3053 671 3139 Anonoeocou,
701 3049 973 3142 Saccnanuu,
1010 3023 1298 3124 &Arusnoi‘

264 3153 349 3225 lana
371 3150 625 3236 flosculorum,
653 3147 687 3221 u
719 3148 792 3242 ipsa
821 3149 994 3223 strunura
1011 3164 1174 3230 externa,
1196 3145 1297 3232 perun

265 3249 487 3341 discrepant,
516 3269 632 3339 parvo
654 3246 742 3319 licet
767 3248 942 3342 negotio,
968 3246 991 3320 fi
1018 3247 1088 3320 rite
1118 3235 1297 3317 examinata

264 3348 421 3433 suerint,
449 3342 723 3436 distinguantur.
775 3346 991 3440 Andropogon
1014 3364 1162 3420 ravenne
1184 3339 1296 3408 tantan

263 3467 345 3516 cum
373 3445 601 3516 Arundiuilns
621 3443 730 3514 babet
752 3442 1039 3532 similitudinem,
1067 3455 1109 3516 ut
1130 3437 1172 3510 ad
1191 3417 1296 3511 eas,fi

262 3543 494 3614 flosculorum
526 3541 610 3612 litus
638 3539 672 3610 ἃ
697 3539 811 3612 arista·
836 3562 911 3613 non
938 3541 1195 3635 prohiberent,
1221 3519 1271 3600 rel
1286 3553 1295 3570 ·

262 3641 412 3712 rendum
436 3639 588 3731 quisque
602 3637 794 3730 judicaret.

359 3751 1294 3832 MnmumediurninterPanrcun&Acnosrmau

261 3871 364 3933 tenet
393 3859 536 3946 locum,
572 3853 606 3925 dr
639 3871 660 3924 a
691 3851 807 3946 priori
841 3852 983 3926 defectu
1020 3851 1172 3926 valvulae
1200 3833 1296 4008 ῑεὲἑίξ
