2640 4744
269 191 339 242 220
367 161 718 241 FERVIDORUM
742 163 777 238 dt
800 161 1111 241 GELIDORUM
1133 159 1255 238 USUS.

266 349 334 420 bus
365 343 498 418 vidium
533 361 713 436 querere,
748 345 919 419 carnibus
950 365 1080 434 nempe
1113 342 1297 418 animalium

265 442 474 529 variorum
499 463 587 533 quas
609 441 774 534 profesio
794 457 834 516 ut
859 441 985 514 crudas
1004 442 1151 514 ederent
1173 457 1300 514 autores

267 539 336 614 elle
365 539 446 610 ullis
476 539 675 625 nollemus,
703 541 874 632 quoniam
902 539 1005 612 varia
1029 539 1107 612 illas
1133 558 1252 633 egere,
1282 539 1301 614 fi

267 663 288 714 a
310 636 519 710 ventriculo
540 634 768 730 subigentur,
800 637 1080 730 preparatione,
1099 637 1232 729 optime
1248 658 1301 710 no·

265 735 399 808 vimus.
452 733 549 805 Raro
574 733 807 810 sufficientem
832 733 1073 810 existimamus
1091 755 1190 821 eam,
1213 755 1302 823 quam

202 827 210 836 “
267 833 436 906 adbibere
457 831 570 904 moris
587 831 662 920 est,
694 832 778 906 dum
795 832 908 926 pisces
927 832 1104 921 insolant,
1123 849 1302 922 carnesque

266 931 376 1002 variae
399 927 533 1004 indolis
556 928 807 1025 suffumigant,
833 952 934 1024 quae,
960 932 1081 1024 palato
1095 929 1189 1001 licet
1207 928 1249 1002 fre
1265 927 1302 1002 s·

266 1025 447 1123 pidilsrmae
469 1024 684 1116 reddantur,
713 1029 921 1103 ventriculo
942 1028 1029 1114 vix,
1054 1026 1118 1100 nisr
1137 1025 1300 1114 validiori,

266 1125 508 1200 conveniunt.
558 1124 699 1198 Laudes
720 1147 742 1198 e
762 1127 949 1201 contrario
967 1124 1044 1198 suas
1059 1139 1215 1198 meretur
1237 1123 1302 1198 sane

266 1243 393 1297 eorum
430 1221 624 1312 industria,
649 1223 709 1316 qui
746 1239 858 1298 artem
891 1223 1138 1316 coquinariarn
1158 1219 1302 1296 introdu-

265 1335 420 1409 xerunt,
446 1322 483 1393 in
506 1319 650 1393 abusum
675 1321 763 1394 licet
787 1319 965 1416 saepissrme
983 1335 1158 1394 vertatur.
1207 1319 1302 1392 Sicuti

266 1419 365 1494 enim
388 1416 518 1490 artifici
547 1417 644 1490 vitio
674 1419 757 1492 dare
788 1419 1027 1516 incongruum
1053 1417 1174 1504 foret,
1200 1415 1302 1508 liquis

267 1517 335 1604 iis,
370 1535 448 1606 quae
474 1512 532 1586 sua
560 1513 621 1586 ille
641 1530 719 1588 arte
741 1515 934 1608 produxit,
957 1516 1190 1602 abuteretur;
1217 1513 1302 1588 licil-

266 1615 359 1700 lius,
386 1632 490 1703 quern
514 1611 574 1683 bic
600 1613 810 1706 impugnare
835 1616 975 1688 animus
998 1613 1071 1701 est,
1100 1614 1184 1687 mali
1211 1609 1302 1684 morit

267 1733 333 1784 eos
360 1708 526 1803 profecto
556 1731 632 1783 non
658 1710 886 1802 accusamus,
916 1709 975 1803 qui
1002 1710 1094 1805 ignis
1128 1709 1244 1784 calore
1266 1705 1303 1780 ci·

267 1811 353 1890 bum
386 1821 609 1900 preparant,
648 1805 707 1881 sed
743 1808 804 1901 qui
837 1808 1041 1886 ferventem
1076 1807 1194 1884 adhuc
1221 1807 1303 1882 illum

267 1908 496 1982 calentemve
516 1904 680 2002 ingerere
703 1905 866 1982 assolent

364 2201 514 2276 Scilicet
535 2202 683 2276 ferculis
709 2201 837 2276 mense
867 2199 1119 2290 exstruuntur,
1158 2213 1230 2274 tum
1247 2197 1303 2272 sor·

268 2300 425 2390 bilibus,
467 2315 543 2372 tum
580 2321 658 2390 quae
699 2299 868 2373 dentibus
904 2299 984 2373 sunt
1021 2295 1302 2384 comminuenda,

269 2396 438 2469 omuibus
468 2394 641 2484 fervidis,
669 2397 863 2487 omnibus,
888 2412 1061 2490 quantum
1084 2399 1220 2490 absque
1243 2413 1303 2490 gn·

268 2493 376 2564 viore
402 2491 561 2567 faucium
583 2493 727 2568 laefrone
748 2492 826 2567 lieri
849 2494 992 2587 potest,
1016 2495 1238 2569 fumantibus
1263 2490 1302 2562 in

268 2590 509 2685 gurgitandis;
543 2590 603 2684 qui
635 2591 778 2683 quidem
806 2607 879 2665 tarn
911 2592 982 2666 alte
1015 2591 1052 2666 in
1082 2592 1230 2680 animis,
1252 2607 1303 2662 no·

268 2687 439 2762 biliosum
470 2710 545 2763 uon
576 2697 739 2780 tantum,
764 2688 823 2763 sed
852 2690 961 2762 etiarn
988 2689 1236 2784 plebejorum‚
1263 2685 1303 2758 in·

268 2785 358 2860 sedit
380 2785 542 2880 pellimus
569 2808 672 2876 mos,
697 2801 740 2864 ut
764 2787 809 2860 ab
835 2789 1005 2862 omnibus
1029 2787 1106 2860 fere
1131 2788 1205 2862 hoc
1232 2799 1302 2858 ten·

267 2905 359 2978 pore
380 2887 482 2958 cibus
507 2883 713 2978 quicunque
738 2883 862 2958 conus
891 2884 1098 2978 respuatur,
1130 2884 1155 2960 fr
1180 2885 1302 2975 velpa·

267 3002 345 3058 rum
369 2979 610 3069 deferbuerit3
633 2981 668 3054 dr
693 2981 846 3076 prandio
873 2981 933 3076 qui
959 2981 1118 3074 hospites
1136 2982 1305 3074 exciperet

267 3098 346 3153 non
368 3078 510 3170 calido,
534 3079 797 3173 elegantiarum
823 3099 965 3154 morum
993 3080 1106 3154 homo
1127 3081 1193 3156 vix
1217 3095 1304 3169 repu-

267 3186 378 3250 tetur.
438 3174 490 3251 At
516 3188 742 3271 quantopere
774 3177 872 3251 illum
908 3189 1037 3252 natura
1058 3177 1257 3265 aversetur,
1284 3169 1304 3242 l

266 3271 379 3348 modo
406 3273 500 3348 hanc
527 3273 659 3348 intueri
688 3296 805 3350 rerum
828 3272 1003 3368 optimam
1029 3273 1227 3370 magistram
1248 3289 1304 3344 nos

266 3393 345 3445 non
367 3372 535 3461 tederet,
560 3391 678 3462 neque
702 3372 740 3446 in
765 3371 836 3446 illis
859 3373 1098 3466 contemplari
1120 3369 1307 3466 dispuderet

268 3470 505 3558 animalibus,
530 3467 567 3543 in
586 3467 715 3560 quibus
735 3470 966 3562 incorrupta,
992 3483 1033 3543 ut
1049 3469 1131 3544 sane
1148 3469 1186 3543 in
1205 3463 1304 3539 omni·

267 3565 358 3654 bus,
382 3579 510 3658 praeter
538 3564 746 3656 hominem,
774 3581 915 3654 manet,
944 3588 1054 3640 nemo
1079 3589 1155 3641 non
1183 3559 1306 3660 poterit

268 3665 473 3757 agnoscere.
520 3666 619 3770 »Quis
638 3667 745 3739 felem
764 3667 823 3736 vel
840 3665 995 3738 maxime
1013 3664 1239 3747 esurientem,
1255 3669 1305 3732 aut

270 3762 475 3848 animalium
499 3775 703 3840 ceterorum
719 3761 886 3855 ,quodvis
911 3761 1028 3854 aliud,
1054 3761 1168 3838 calida
1193 3760 1307 3852 sponte

269 3857 433 3956 ingerere
454 3879 609 3954 unquam
628 3857 749 3938 vidiri
797 3857 890 3964 Quis
908 3860 1031 3953 edam,
1050 3861 1112 3936 vel
1128 3851 1305 4026 mmss’ai'el

283 4013 286 4024 .
318 3981 336 4026 .·
1277 3967 1305 4018 ιο
