2640 4744
268 215 338 287 208
524 196 782 298 munieras
819 195 1066 276 cuononi.

268 381 409 468 existit;
446 381 585 453 Verum
606 391 727 451 tamen
746 391 873 452 natura
896 377 976 471 plus
998 375 1035 450 in
1052 387 1191 470 promtu
1204 374 1298 450 habet

267 477 461 566 menstrui,
481 476 541 548 ubi
562 477 640 568 plus
658 476 825 550 nimirum
842 475 1017 548 variantis
1034 474 1108 547 cibi
1123 472 1295 552 accesserit

265 578 368 652 Hinc
386 575 450 662 est,
470 572 566 666 quod
584 573 750 646 nonnulli
770 594 791 644 e
815 573 1001 644 veteribus
1019 570 1147 646 nostris
1162 572 1297 644 Medicis

269 674 411 768 opinati
438 673 528 760 sint,
569 669 744 743 Cibotum
778 669 1057 744 concollionem
1085 690 1130 742 ex
1161 667 1296 759 ipsorum

267 771 446 844 varietate
466 768 576 858 oriri,
601 783 663 840 aut
678 771 722 840 ab
742 765 995 864 heterogeneis
1015 765 1142 840 lusiam
1166 765 1237 840 fieri
1254 767 1294 838 in·

269 883 325 942 ter
362 869 570 940 Alcalinum
615 865 649 938 ἃ
683 866 862 955 Aridum,
901 880 962 937 aut
1004 863 1296 949 fermentationem

268 966 471 1059 quandam,
494 965 614 1036 cibum
641 962 842 1036 craffiorom
871 962 908 1036 in
939 962 1085 1054 chylum
1109 963 1237 1034 bonum
1254 960 1294 1030 di·

267 1079 475 1161 gerentem,
520 1059 818 1154 quemadmodum
857 1081 902 1132 ex
941 1059 1058 1132 farina
1090 1078 1215 1154 panem
1248 1056 1295 1129 illa

267 1160 526 1255 digestibilem,
553 1159 627 1230 live
658 1180 703 1230 ex
727 1158 864 1252 ptisana
882 1159 1017 1230 bonum
1039 1178 1082 1229 ac
1101 1154 1241 1250 jucundi
1259 1153 1275 1226 s
1285 1192 1295 1209 ·

266 1260 369 1352 poris
403 1274 529 1349 potum
562 1254 682 1328 efficit.
746 1256 869 1329 Nemo
900 1253 977 1327 fere
1014 1253 1149 1344 nescit,
1179 1253 1295 1326 nullum

265 1358 374 1448 plane
398 1354 577 1427 efficacius
609 1353 684 1424 dari
709 1354 907 1427 remedium
937 1351 1083 1444 pueris,
1118 1354 1295 1424 chartarum

268 1451 356 1524 lusui
375 1452 524 1522 nimium
544 1466 715 1540 quantum
735 1450 897 1535 assuetis,
924 1450 1072 1541 quamsi
1096 1471 1158 1542 per
1180 1448 1296 1538 aliquot

267 1550 466 1620 continuos
492 1547 589 1635 dies,
615 1547 687 1618 sine
716 1550 787 1618 ulla
811 1547 959 1620 alterius
986 1546 1061 1619 ludi
1088 1549 1147 1620 vel
1175 1543 1234 1616 otii
1254 1544 1297 1616 iu·

266 1645 520 1735 tercapedine,
545 1665 626 1716 cum
645 1645 690 1714 iis
715 1645 900 1734 ludamus,
926 1665 1000 1735 quo
1024 1644 1169 1720 tandem
1193 1639 1294 1728 venit,

266 1758 309 1814 ut
333 1742 427 1832 ipsos
450 1743 650 1814 chartarum
677 1741 726 1814 ita
749 1740 933 1834 pertaesum
955 1742 1018 1832 fit,
1043 1756 1085 1815 ut
1113 1738 1246 1814 easdem
1266 1735 1296 1810 in

265 1838 448 1934 posterum
465 1861 513 1912 ne
530 1837 694 1934 adspetiu
713 1840 855 1934 quidem
874 1839 936 1914 suo
954 1839 1159 1935 dignentur.

368 2131 509 2222 Omne,
537 2130 711 2226 quidquid
736 2135 772 2207 in
794 2155 926 2226 corpus
948 2129 1020 2228 agit
1043 2129 1250 2218 humanum,
1266 2127 1295 2202 in

266 2229 416 2323 allodium
435 2248 542 2319 atque
557 2233 686 2321 grisium
710 2243 792 2324 agat
816 2230 955 2302 necesse
972 2227 1042 2315 est,
1075 2251 1204 2324 nempe
1225 2231 1295 2301 oth·

266 2336 341 2402 tilia
358 2331 394 2402 in
420 2328 628 2413 cerebrum,
657 2349 734 2419 quae
762 2328 906 2419 quidem
935 2326 1139 2417 stimulant,
1166 2349 1233 2401 non
1251 2343 1296 2395 au·

266 2441 339 2496 tem
371 2429 554 2494 nutriunt:
590 2425 777 2497 cerebrum
801 2425 896 2497 enim
924 2445 943 2498 a
969 2445 1153 2516 corporeo
1181 2439 1296 2497 tantum

266 2522 437 2597 nutritur.
491 2521 611 2613 Sapido
628 2537 767 2608 autem,
791 2543 860 2613 qua
874 2523 1026 2616 Sapide,
1047 2523 1296 2616 incorporeum

266 2631 388 2711 agunt.
441 2619 579 2689 Verum
603 2637 645 2688 ea
669 2619 763 2690 inter
782 2623 922 2714 Sapido,
950 2641 1027 2712 quae
1044 2618 1213 2694 alimenta
1228 2636 1296 2712 pra·

263 2715 375 2800 bent3
397 2715 540 2788 humida
560 2729 792 2789 numerantur
809 2738 851 2789 ac
869 2718 973 2806 sicca,
991 2716 1093 2790 acida
1111 2719 1144 2790 u
1159 2713 1296 2812 pinguia,

266 2813 386 2885 dulcia
414 2815 568 2904 denique
597 2835 638 2884 ac
663 2814 918 2909 mucilaginosa
929 2869 950 2901 „
965 2836 1041 2887 non
1064 2836 1157 2887 vero
1181 2829 1296 2897 amare,

265 2931 344 2984 non
363 2909 540 3001 styptica,
567 2913 775 2997 numeria,
802 2933 869 2984 nec
886 2909 1041 3004 denique
1059 2910 1155 2984 salsa.

365 3007 485 3078 Omne
514 3007 679 3098 prosedlo
704 3009 815 3081 nimia
842 3008 916 3082 doh
945 3009 980 3080 ἀ
1008 3009 1226 3085 abundantia
1245 3023 1298 3078 no-

266 3103 365 3178 xium
388 3103 459 3190 est,
486 3105 596 3176 immo
621 3108 682 3176 vel
708 3106 884 3198 optimum
911 3106 1080 3198 quodque
1106 3129 1147 3196 ac
1166 3105 1297 3184 saluber·

266 3202 418 3288 rimum‚
448 3203 498 3271 ita
522 3201 666 3291 quidem
697 3204 799 3275 utin
828 3203 1013 3275 Medicina
1040 3203 1131 3276 nihil
1154 3205 1299 3294 cuiquam

266 3302 366 3392 prius
399 3300 461 3388 sit,
488 3297 578 3370 nihil
604 3299 809 3392 antiquius,
832 3321 938 3390 quam
964 3299 1071 3392 ipsam
1101 3302 1239 3393 quidem
1256 3299 1298 3368 h

258 3395 314 3492 fin
334 3395 424 3486 rite,
454 3412 494 3468 ut
518 3396 570 3467 sas
593 3394 665 3486 est,
689 3410 927 3488 accurateque
949 3397 1176 3489 pernoscere.
1216 3395 1298 3486 lnge·

266 3495 377 3566 tenda
399 3509 497 3566 certe
522 3495 670 3585 omnia,
694 3493 885 3566 secundum
914 3495 991 3568 suas
1010 3497 1182 3588 quodque
1206 3487 1298 3583 quali·

267 3601 361 3662 tates
388 3593 545 3682 lapidas,
571 3591 609 3663 in
629 3589 740 3664 solida
762 3596 918 3683 pariter,
945 3605 1052 3683 atque
1070 3593 1180 3666 liuida
1195 3601 1299 3684 agunt,

267 3685 427 3760 &nimia
450 3690 621 3779 portione
638 3688 778 3766 sanitati
798 3691 965 3781 corporis
986 3711 1061 3782 non
1079 3691 1222 3784 possunt
1240 3701 1301 3758 non

265 3787 420 3856 maxime
440 3807 586 3857 nocere.
639 3789 799 3875 Vinum,
824 3785 1054 3859 dulcissimum
1076 3787 1166 3861 illud
1183 3783 1300 3866 nectar,

265 3881 455 3979 languidos
482 3894 589 3976 atque
614 3897 823 3979 torpentes,
855 3885 947 3977 quali
978 3905 1024 3959 ex
1052 3885 1131 3960 orci
1153 3881 1300 3984 faucibus

1219 3991 1299 4052 exei-
