2688 4752
128 243 513 334 ruuonmnnrn
544 251 966 340 nurououoorrn
1031 248 1100 360 147'

36 449 116 514 nom
146 437 380 526 cohereant,
412 447 454 510 ut
468 447 550 510 tota
573 435 634 510 die
652 436 778 512 videre
802 436 854 512 est
876 439 912 514 in
929 441 1100 540 Tipulis,

34 537 199 612 Phalena
231 534 334 611 Mori
360 533 453 624 dno,
484 553 601 608 marea
629 535 715 610 alati
746 557 828 610 cum
854 537 989 614 femina
1023 563 1102 620 non

35 637 126 710 tiata
143 635 297 722 volant,
323 653 481 726 caraque
496 631 542 706 ab
562 653 639 708 uno
661 633 698 707 in
718 635 868 708 alterum
887 639 1009 714 locum
1031 643 1101 716 cir·

34 731 262 824 cumserunt,
286 743 328 804 ut
352 729 390 806 in
417 727 593 804 Phalaenis
622 729 757 806 semina
781 747 925 826 aptera3
963 737 1101 814 stabilis

33 843 152 906 tamen
178 827 306 924 regula
329 849 406 902 non
432 827 505 918 est,
533 828 653 922 quod,
683 829 745 902 ubi
769 849 880 904 unum
902 835 1033 910 alatum
1060 839 1101 914 in

33 927 156 1002 eadem
188 925 309 1020 specie
342 923 559 1002 &alterum
591 927 665 1002 fine
694 927 760 1002 alia
791 927 1099 1028 deprehenditur,

33 1026 114 1100 illud
142 1028 287 1138 semper
314 1025 486 1138 macosst,
523 1023 597 1100 hoc
622 1023 770 1100 semina.
829 1027 975 1124 Apliles
1000 1035 1100 1112 enim

30 1119 1100 1332 illitati,‘silli,llli'srtzliif‘lrlllit

31 1333 67 1393 ut
84 1317 223 1394 Carabi
240 1324 412 1410 majorca,
435 1313 709 1410 Tenebrioner,
735 1319 896 1412 Melolis,
922 1321 1097 1402 cimices.

32 1419 170 1514 Grylios
185 1415 343 1514 proesius
369 1415 477 1490 ctiam
503 1415 570 1490 alis
598 1429 718 1504 caret,
745 1437 851 1510 quern
872 1419 957 1494 ideo
975 1421 1098 1516 Grylli

28 1535 161 1612 pupam
195 1513 277 1606 quir
301 1512 467 1588 crederet
496 1513 659 1590 nondum
692 1514 931 1612 declaratam,
964 1519 989 1595 li
1019 1543 1099 1600 non

29 1612 222 1706 incopula
243 1607 362 1692 suillet
383 1608 495 1688 visua.
546 1609 778 1688 Notillimum
799 1617 898 1690 enim
917 1615 989 1704 eila
1017 1621 1098 1694 nul·

28 1709 97 1786 lum
128 1705 304 1784 iniectum
332 1707 457 1800 coire,
492 1723 576 1785 ante
601 1731 705 1804 quam
735 1711 955 1788 declaratum
984 1713 1099 1792 fucrit

29 1825 136 1902 atque
158 1805 336 1880 adultum.
369 1805 569 1902 ·Pleraque
596 1807 812 1884 insertorum
833 1813 1004 1904 genitalia
1036 1813 1098 1892 sua

29 1908 121 1980 intra
142 1925 256 1980 anum
283 1903 420 1980 habent
443 1902 675 1996 abscondita,
701 1905 870 2000 &penes
891 1909 1096 2003 solitarios,

28 2003 83 2078 scd
115 2001 300 2080 nonnulla
330 2021 462 2097 penem
489 2001 627 2078 habent
653 2001 826 2094 bifidum,
867 2003 1000 2082 Cancri
1035 2031 1098 2082 au·

29 2115 98 2178 tem
128 2101 167 2176 ὰ
195 2099 331 2175 Aranei
358 2101 548 2198 geminos,
584 2101 886 2194 quemadmodum
918 2109 1100 2182 nonnulla

27 2199 253 2298 Amphibia,
280 2199 315 2272 dt
339 2199 438 2292 quod
462 2196 688 2290 mirandum,
712 2197 751 2274 in
773 2199 862 2274 loco
882 2201 1028 2290 alieno,
1056 2217 1098 2278 ut

29 2297 174 2375 Cancer
198 2296 261 2374 sub
281 2295 354 2372 basr
369 2295 503 2370 caude.
555 2294 711 2371 Arcturus
735 2319 805 2371 mar
830 2299 961 2395 palpoa
986 2299 1099 2378 habet

25 2401 220 2486 clavator,
254 2395 317 2489 qui
342 2415 455 2490 penes
480 2391 582 2486 sunt,
612 2395 717 2486 juata
747 2415 792 2470 os
816 2396 990 2492 utrinque
1015 2399 1097 2474 uni·

27 2515 134 2585 com,
162 2515 244 2588 que
263 2493 378 2568 clave
400 2491 543 2585 sexum,
569 2513 639 2566 nec
661 2490 817 2588 speciem
841 2493 1098 2594 distinguunt,

27 2593 59 2667 lc
91 2591 252 2669 Femina
281 2591 409 2666 valvas
441 2587 518 2664 suas
548 2591 661 2664 habet
693 2591 729 2666 in
762 2589 959 2668 abdomine
990 2597 1098 2688 juxta

25 2693 179 2787 pestus3
210 2689 293 2764 heic
313 2709 407 2764 vero
436 2687 638 2783 srunquam
653 2707 744 2762 vere
759 2688 914 2764 dixeris:
945 2713 1004 2768 rea
1020 2695 1098 2786 ple·

26 2813 71 2866 oa
118 2787 268 2864 timoris
306 2809 431 2878 amor3
479 2785 515 2861 Si
556 2785 654 2860 enim
697 2807 833 2881 procur
869 2785 1097 2884 inauspicato

26 2887 239 2977 accell'erit,
262 2883 398 2960 semina
423 2882 538 2979 ipsum
566 2881 747 2975 devorat,
780 2883 1007 2977 quodetiam
1029 2883 1096 2979 m,

25 2987 150 3064 iinon
169 2983 290 3060 statim
308 2981 343 3058 se
359 2981 563 3058 retraxerit.
614 2981 783 3056 Libellula
805 2981 940 3056 semina
956 2985 1096 3079 genita·

23 3085 58 3162 le
72 3085 182 3160 suom
204 3081 268 3158 sub
285 3081 389 3178 apice
414 3080 508 3178 gerit
524 3077 668 3168 caude,
694 3079 729 3151 dt
745 3099 821 3156 mar
842 3077 1096 3176 subpediore,

24 3185 124 3258 adeo
147 3193 217 3274 ut,
249 3201 330 3255 curn
361 3199 437 3254 mar
460 3178 596 3252 collum
624 3175 770 3252 semine
799 3176 944 3273 forcipe
972 3179 1099 3253 caude

22 3281 185 3376 arripit,
223 3277 285 3354 illa
316 3275 466 3352 caudam
497 3273 592 3350 suam
629 3274 770 3370 pediori
808 3277 887 3368 eiua
914 3275 1097 3370 adplicet,

21 3381 151 3474 licque
172 3375 332 3472 peculari
351 3373 497 3448 ratione
514 3393 691 3448 connexe
709 3371 883 3449 volitent.

129 3475 177 3551 In
189 3473 377 3550 nonnullis
394 3469 581 3568 speciebus
599 3471 703 3545 datur
723 3471 847 3556 ctiam,
873 3481 1004 3564 preter
1022 3491 1097 3546 ma·

21 3599 85 3652 res
115 3573 350 3664 &seminar,
379 3569 509 3644 tertius
537 3566 664 3659 sexus,
689 3591 796 3664 quem
816 3567 985 3642 Neutrum
1007 3569 1099 3646 dici.

18 3697 133 3765 rous,
171 3671 236 3744 ubi
267 3667 433 3744 neutrius
461 3665 564 3742 sexus
596 3663 677 3740 sunt
708 3666 905 3762 genitalia,
944 3663 1099 3762 suntque

18 3773 110 3846 haec
136 3768 336 3865 spadonum
365 3763 474 3858 instpr
503 3762 680 3838 habenda.
745 3761 892 3836 Talium
925 3765 995 3839 alia
1021 3767 1098 3840 ani·

18 3868 182 3948 mallum
205 3863 505 3958 adhuc,cnempla
525 3861 562 3936 in
584 3862 681 3936 nulla
696 3859 799 3936 clalle
820 3861 1097 3958 cognoscimus,

20 3982 275 4064 preterquam
296 3965 337 4040 in
361 3951 621 4138 vegetabiliflni
645 3959 870 4059 Syngenefiae
886 3959 1098 4134 PolygaFrla

616 4079 635 4132 a
1039 4079 1097 4136 ru·
