2640 4744
256 105 495 200 'sumtus
517 101 846 210 uitulinum·
1005 137 1075 216 281

26 304 121 393 sues,
143 299 365 378 conservare
384 301 492 377 setim
510 297 587 384 eit⁴
623 299 795 380 Ememur
815 301 972 384 erdum
989 325 1076 384 een·

26 404 81 478 ties
97 403 196 478 mille
210 402 354 491 aureis,
379 400 583 481 &ducenta
598 397 721 476 saltem
737 423 931 479 aureorum
946 403 1075 496 ninia,

26 502 85 576 ine
102 501 176 576 ulla
202 499 295 572 lardi
320 498 469 594 inopie,
494 497 726 572 servabimus.
778 499 837 574 Ad
856 501 1075 580 famulorum

28 621 158 692 quoque
177 595 415 688 merendam,
443 617 521 690 qoae
538 593 754 673 sumtuonor
771 597 936 692 alioquin
952 599 1082 678 future·

28 696 120 788 edet,
139 694 318 792 Spiritum
334 693 506 769 frumenti
521 695 766 770 commendari
783 695 999 786 audivimus,
1015 695 1076 774 sed

26 815 95 868 cnm
123 794 249 888 liquor
271 793 332 866 hic
358 813 541 884 nunquam
566 793 604 868 in
628 793 766 868 bonum
786 795 892 870 abeat
913 794 1076 890 chylum,

27 891 55 964 ir
76 893 170 966 vires
191 889 394 966 laborantis
416 890 610 966 nutritioni
634 892 712 986 ejus
728 889 985 986 respondeant,
1001 893 1076 984 (ir-

27 991 84 1063 bor
99 989 197 1064 enim
212 987 327 1063 solide
342 989 442 1080 terit,
456 1011 522 1082 per
540 989 801 1064 nutrimentum
818 985 1076 1083 restituendo)

29 1085 196 1180 sequitur,
223 1099 267 1160 ut
294 1085 338 1162 ed
364 1085 602 1182 laborandum
627 1079 735 1164 dieu
757 1087 940 1182 eiutmodi
959 1087 1076 1168 femin

28 1183 73 1259 los
91 1183 220 1262 reddet
237 1182 452 1283 ineptiores.

112 1467 316 1546 Coronidis
337 1471 423 1546 loco
445 1377 522 1546 {ec
538 1470 668 1547 addere
681 1471 812 1568 placet.
863 1469 938 1578 Qui
950 1469 1075 1548 helluo

31 1564 157 1660 spiritus
180 1568 381 1660 frumenti,
402 1567 516 1644 iatius
541 1567 593 1644 est
610 1583 789 1666 apertur„
802 1583 934 1646 cevent
953 1577 1076 1648 tumen

33 1667 178 1742 nefimui
197 1688 242 1740 ec
270 1669 378 1740 semei
399 1667 542 1742 ebusum
566 1667 776 1761 abrumpet,
800 1663 859 1741 sed
886 1665 1007 1744 sentim
1039 1667 1075 1744 u

33 1762 201 1838 lentilime
220 1765 414 1839 decrescat.
465 1761 670 1839 Certiffimae
690 1765 787 1840 enirn
803 1763 940 1840 docent
955 1761 1074 1842 obiere

35 1865 209 1950 vationes,
237 1863 289 1936 ita
307 1862 385 1936 cito
402 1876 582 1937 notanter
598 1862 763 1952 dietam,
791 1861 994 1958 hydropem
1019 1863 1074 1939 in·
1157 1933 1163 1942 .

35 1977 160 2032 currere
185 1959 532 2057 perfectamque]
559 1958 772 2051 nequidem
798 1961 888 2033 totis
909 1959 1074 2036 Phnrmt·

36 2055 1075 2152 copoliis,optimustoilerepoffitMedicus.Rogaturnon

35 2171 102 2224 nro
119 2153 291 2230 Medicus
313 2157 358 2230 de
379 2155 564 2242 remedio,
591 2155 823 2247 helluonibus
843 2153 987 2248 spiritns
1001 2153 1074 2228 fru·

36 2249 129 2323 nenti
141 2251 406 2328 aversationem
417 2263 673 2348 procuraturo,
682 2251 1072 2342 utevedentebilemii,

35 2343 81 2417 sed
96 2347 259 2426 dolemus
277 2351 315 2426 in
335 2353 484 2426 materia
505 2349 651 2426 Medica
667 2348 833 2428 universe
849 2351 987 2428 nullutn
1003 2347 1076 2426 ene

37 2441 65 2515 in
76 2445 161 2520 hanc
174 2471 253 2522 rem
272 2447 491 2544 specificnrn.
524 2449 777 2524 Vomitorium
798 2471 880 2526 cum
900 2449 1073 2526 vehiculo

37 2539 181 2632 espiritu
198 2545 388 2638 frumenti,
407 2548 541 2638 aliquid
559 2547 754 2640 interdum,
767 2547 857 2642 saepe
877 2545 968 2622 nihil
985 2567 1072 2642 pre·

37 2633 122 2712 stitit
164 2641 414 2738 superandum
433 2643 484 2718 est
500 2645 574 2719 hoc
590 2646 720 2720 malurn
740 2645 884 2734 eodem,
920 2663 971 2718 uo
984 2665 1074 2720 con·

37 2735 167 2814 unitum
185 2755 279 2834 erat,
293 2743 421 2834 modo,
440 2739 702 2818 consuetudine
720 2741 843 2819 sentim
859 2666 1072 2818 inducendo.

11 2867 19 2915 r
64 2830 193 2912 Carent
212 2839 325 2936 igitur
342 2855 483 2914 mature
507 2840 605 2915 hunc
623 2841 813 2930 morbum,
838 2839 1045 2936 quicunque

116 2933 158 3012 de
186 2937 249 3014 sue
275 2938 416 3031 sueque
452 2937 613 3012 Familie
640 2939 894 3014 incolumitate
927 2951 980 3014 at·

232 3055 302 3130 que
315 3035 585 3112 existimatione
603 3033 655 3110 est
669 3035 858 3114 sollicitor.

428 3181 465 3262 S.
514 3181 579 3260 D.·
617 3183 665 3262 G.

311 3371 835 3606 mum

388 3879 673 4014 ,ὅς’
