2640 4744
246 198 503 290 vauuccas
536 197 786 288 emotum
962 229 1045 312 '207

47 387 157 490 ireseffee
177 392 223 470 de
245 405 349 468 certo
369 391 547 487 quodam,
574 387 757 467 utiliffirno
781 391 915 482 liceat,
946 413 1048 490 argu-

47 505 145 583 ncnto,
165 491 334 582 tedium,
360 493 454 566 intra
473 491 610 565 horale
629 491 734 565 unius
755 493 951 564 alteriusve
973 493 1047 588 spas

45 587 116 676 tiun,
143 592 275 665 multos
299 590 409 684 longe
440 589 634 662 maximum
660 589 770 682 capit.
832 588 1046 668 Ctincentuc

48 683 150 777 Meficnc
167 685 400 782 usqueadeo
428 707 497 760 noa
521 708 586 779 per
611 700 727 758 totam
753 685 842 779 sepe
864 687 958 760 diem
986 689 1047 762 de·

45 779 124 872 ledat,
136 801 170 860 ut
181 785 349 860 secundia
365 783 512 858 auribus
529 785 732 876 summaque
750 783 858 858 animi
877 787 1046 880 volupta-

46 883 218 958 tceundem
264 883 435 957 exaudire
473 903 666 978 queamus,
708 881 905 956 dummodo
942 887 1047 958 alter·

44 977 292 1067 natMelodiam3
318 981 367 1055 fin
388 1000 481 1054 vero
500 979 629 1054 eodem
650 995 780 1054 tenone
800 977 895 1072 justo
911 980 1047 1058 diutina
1155 1003 1161 1016 ·

44 1079 250 1170 continuetur,
279 1079 344 1152 vix
361 1077 525 1152 humane
543 1077 753 1152 tolerandus
776 1075 827 1152 est
846 1079 1044 1170 patientia.

42 1166 75 1242 iu
96 1174 286 1252 Ventriculus
316 1176 423 1248 etiam
449 1189 679 1269 comparatus
707 1173 780 1264 est,
806 1175 867 1268 qui
886 1177 1047 1267 jucundo

42 1267 127 1362 utiquc
141 1272 215 1348 cibo
237 1273 456 1364 delebatur,
483 1271 775 1348 uvariuemodo
796 1273 918 1346 fuerit.
970 1271 1047 1346 Eli·

41 1383 79 1458 ps
101 1371 194 1446 velim
222 1365 460 1448 suaviffinnam
495 1371 690 1466 amygdalae
720 1371 945 1462 placentam,
985 1383 1049 1446 aut

43 1465 206 1561 platinam,
228 1483 295 1544 aut
319 1467 453 1543 vidium
480 1489 731 1564 quemcunque
761 1469 913 1563 opipare
943 1489 1047 1562 peca-

43 1571 108 1649 ten,
125 1586 161 1638 ea
176 1567 276 1664 lege,
303 1567 469 1659 cuiquam
484 1587 672 1661 apponas,
699 1580 739 1640 ut
755 1565 850 1656 hoc,
870 1586 939 1641 nec
957 1567 1046 1658 aiio,

42 1677 83 1748 per
99 1661 185 1736 binas
200 1662 444 1740 hebdomades
462 1665 548 1738 cibo
564 1666 760 1750 saturetur,
787 1665 931 1738 videbis
951 1663 1047 1740 huuc

42 1755 123 1846 prino
139 1763 203 1836 cibi
228 1761 371 1858 aspectu
384 1763 525 1837 demum
542 1783 589 1836 eo
609 1783 720 1856 usque
734 1761 991 1848 fastidientem,
1006 1773 1048 1837 ut

42 1849 120 1940 ipsum
133 1877 174 1930 ne
187 1860 319 1934 leviter
337 1859 480 1954 quidem
496 1858 682 1956 degustare
699 1857 812 1946 velit,
829 1881 955 1932 verum
976 1861 1048 1932 fru-

42 1945 101 2024 stum
121 1958 232 2046 potius
254 1958 388 2033 mucidi
412 1957 726 2053 paniepraeoptet.
785 1955 921 2031 Eadem
942 1959 1049 2050 piane

44 2043 308 2130 Medicamentum
338 2054 391 2130 est
423 2055 541 2144 ratio,
573 2066 615 2127 ut
645 2053 669 2128 fi
706 2073 816 2130 unum
857 2054 1049 2147 idemque,

41 2147 117 2232 paulo
134 2150 283 2250 diutius,
319 2151 572 2248 praescripserit
592 2171 711 2248 egro,
736 2169 768 2224 e.
787 2171 821 2264 g.
844 2149 1051 2224 Rhabarba·

41 2245 133 2316 mm&
151 2245 329 2326 Corticem
350 2251 499 2342 chine,
524 2247 612 2324 &id
626 2269 740 2346 genus
759 2250 850 2338 alra,
868 2247 1052 2324 fastidium

41 2353 109 2411 terte
126 2363 162 2418 ac
179 2349 362 2440 vomitus,
389 2349 448 2422 vel
467 2348 586 2445 primo
612 2349 768 2436 obtutu,
796 2347 907 2421 immo
932 2347 1052 2422 nomi·

41 2435 157 2540 ucsnlo,
172 2441 231 2536 ipii
243 2460 449 2522 moueatur.
500 2445 646 2540 Physica
664 2467 734 2520 noa
749 2446 860 2519 docet
876 2443 1052 2536 scientia,

40 2543 63 2600 n
79 2533 192 2614 vinum
208 2560 322 2638 aqua,
379 2547 463 2620 lena
482 2565 525 2618 ac
544 2541 758 2618 redundanti
777 2543 963 2632 mensura,
998 2563 1055 2616 re·

40 2622 155 2738 ferum,
170 2640 288 2732 plures
309 2567 452 2737 indcper
470 2639 637 2716 Ducatos
653 2639 796 2714 infundi
816 2639 937 2736 poiie3
954 2639 978 2714 sc
994 2638 1054 2714 Sal

38 2723 181 2830 ⁸uiuere,
204 2735 263 2812 Sal
286 2737 593 2832 Ammoniacum,
619 2735 768 2812 Nitrum
787 2735 854 2810 dcc.
881 2737 1054 2829 addatur,

38 2817 195 2930 'Quoque
216 2833 343 2911 locum
362 2837 530 2929 obtinet,
557 2835 723 2930 quamvia
746 2847 853 2908 antea
881 2855 929 2908 ne
953 2853 1054 2927 aqua

37 2919 145 3003 hidem
169 2943 305 3022 guttam
333 2955 465 3030 capere
486 2935 610 3029 potuit
626 2931 776 3010 vitrum.
829 2933 951 3037 Quum
973 2930 1054 3005 uni·

37 3015 496 3124 adprehendimus,
524 3045 567 3104 ut
595 3029 687 3106 nihil
713 3027 790 3104 fere
815 3030 967 3126 amplius
994 3029 1055 3104 de·

37 3103 209 3211 fideremus,
232 3125 296 3202 ciii
320 3129 426 3225 plura
450 3129 640 3223 suppetant
664 3128 823 3218 fercula,
854 3129 900 3202 de
921 3129 1054 3203 cetaria

37 3211 145 3302 “misse
165 3221 225 3294 ubi
242 3221 377 3300 diverse
395 3227 531 3302 fuerint
545 3225 712 3324 generis,
735 3225 929 3319 quidquam
954 3245 1056 3300 conr·

38 3299 114 3378 edere
131 3315 301 3396 valemus:
330 3321 497 3418 idcirco,
519 3323 688 3399 carnibus
710 3325 755 3396 ad
779 3323 977 3397 satietatem
997 3345 1055 3398 ua·

37 3413 83 3508 119
104 3413 280 3510 comestis,
302 3420 489 3515 placenta,
505 3421 659 3518 juscuio,
676 3419 865 3509 fructibus,
879 3419 1054 3512 bellariis,

38 3491 153 3594 'hique
181 3511 339 3610 denique
370 3519 523 3614 dapibus
558 3519 696 3616 epulari
731 3515 924 3613 possumus.
976 3515 1057 3612 Ipsa

39 3601 104 3690 5²1⁰
131 3617 252 3685 natura
276 3611 441 3706 indicat,
467 3617 551 3692 dum
576 3615 650 3691 cibi
682 3609 834 3708 amplius
869 3613 1057 3712 digerendi

41 3699 185 3792 11{dotent
200 3705 319 3782 fuerit.
386 3711 612 3790 Menstruum
647 3711 778 3788 diversa
811 3710 880 3787 effe
913 3715 1057 3809 generis

41 3785 169 3892 hiatur:
191 3799 258 3875 illo
270 3808 343 3898 jam
364 3811 552 3887 menstruo
571 3812 717 3886 cibariih
742 3812 935 3901 abiathan,
957 3809 1056 3904 quod

43 3865 248 4004 huiuamodi
272 3901 409 3982 vitium
423 3907 567 3986 solvere
583 3905 727 4008 potest,
751 3907 894 3984 satietas
910 3897 1056 4075 demeum

1002 4027 1056 4078 rn-
