2740 4740
247 171 298 272 ῃ
469 149 651 231 noros
675 148 1084 268 rorncnnrsrnr.

183 339 185 344 ’
246 343 328 418 tur,
354 328 429 404 fine
454 345 559 410 motu
584 335 649 410 vix
674 337 863 423 curandos.
914 339 1053 431 Rustici
1076 341 1119 416 da
1136 335 1308 418 montani

245 427 447 519 nostrates,
475 429 689 510 salsamentis
704 435 792 514 iicet
810 447 1002 533 tantopere
1018 439 1154 531 dediti,
1179 439 1306 514 admo·

244 531 332 613 dum
359 545 502 618 tamen,
530 529 699 622 quamdiu
725 533 893 628 pienum,
928 557 1009 612 cum
1037 537 1163 612 sudore
1192 535 1305 628 salso,

246 641 387 710 motum
405 623 645 719 continuant,
670 627 876 707 servantur:
902 634 1115 708 vulneratos
1130 651 1249 710 autem
1268 633 1308 710 dr

122 751 127 768 *
244 738 387 818 arnotn
410 726 456 798 im
486 724 605 800 editos
625 729 715 802 tales
740 728 939 805 Scorbutns
957 737 1158 826 prevalens
1174 754 1307 806 eneca-

245 845 286 910 re
301 822 404 896 solor.
453 747 658 900 georbudci
671 826 832 902 acidulas
846 843 996 922 petunt,
1024 831 1084 904 ubi
1104 829 1149 904 sal
1164 831 1307 906 diluen-

247 921 296 1016 do
314 921 346 994 dt
363 935 468 994 motu
490 919 754 1020 diligentiliimo
780 923 869 1019 sape
894 927 1036 1004 tollitur
1059 928 1131 1002 hoc
1156 928 1304 1004 malum.

245 1017 323 1121 Qui
351 1037 463 1109 vero,
492 1017 744 1096 Scorbnticnm
767 1023 802 1098 se
826 1022 1004 1116 sentiens,
1036 1027 1152 1100 orium
1174 1023 1304 1120 eligit,

246 1117 434 1198 Asthmate
453 1131 516 1192 ant
530 1117 709 1214 Hydrope
727 1115 905 1216 saepillime
921 1123 1075 1200 omnino
1090 1123 1302 1198 suffocatur.

242 1295 249 1304 .
346 1238 579 1333 obstinationes
596 1241 688 1327 alni,
715 1239 749 1314 n
770 1244 939 1316 meliarina·
953 1239 1241 1316 Hamorrdoidrlia
1260 1237 1303 1312 in

243 1333 456 1410 sedentariis
472 1335 699 1428 frequentia,
724 1357 801 1430 qne
813 1337 982 1416 remediis
995 1336 1169 1414 oblut'tari
1186 1335 1306 1410 solent

245 1432 489 1529 pertinacius,
519 1453 602 1506 raro
621 1433 693 1510 fine
708 1447 812 1510 motu
827 1432 977 1510 curatur
988 1434 1242 1512 ambulatorio.
1310 1477 1314 1485 «

244 1591 248 1598 -
346 1553 480 1629 Nullus
498 1554 574 1629 fere
591 1551 691 1630 foret
706 1555 888 1631 orationis
902 1556 1044 1652 exitur,
1069 1555 1095 1630 n
1112 1557 1154 1632 ad
1170 1577 1301 1632 omnor

244 1655 395 1728 morbos
412 1651 629 1741 chronicos,
644 1656 715 1747 'qni
736 1668 841 1729 motu
861 1656 923 1730 vel
939 1671 1211 1752 precaveatur,
1237 1654 1301 1730 rel

242 1765 440 1844 curantur,
471 1751 602 1828 liberet
618 1751 823 1848 exspatiari.

694 1935 728 2024 a.
778 1927 850 2010 rr.

338 2055 486 2135 Motum
506 2070 598 2128 vero
617 2051 661 2128 ad
687 2049 871 2126 sanitatem
888 2051 1175 2129 conservandum
1199 2053 1299 2130 adhi-

237 2147 406 2242 liturus,
425 2150 520 2247 julio
534 2171 617 2226 eum
630 2149 741 2224 discat
754 2151 866 2225 modo
881 2150 1078 2225 instituere.
1121 2153 1184 2228 Est
1199 2155 1298 2230 enim

238 2253 456 2350 multiplex,
487 2269 622 2324 noxam
656 2246 814 2320 &nsum
837 2248 988 2340 perinde
1012 2249 1184 2324 inferens.
1243 2251 1298 2327 Ut

244 2347 454 2444 enirnignis
475 2346 654 2420 remotior
671 2345 789 2430 lucen
820 2345 974 2440 propior
998 2347 1183 2436 calefactu
1210 2372 1296 2444 pro·

241 2451 360 2526 ximus
385 2445 524 2519 aritae
551 2441 718 2517 destruit:
752 2441 804 2514 ita
831 2441 1011 2519 diversum
1038 2461 1177 2520 motum
1205 2447 1292 2521 effe-

242 2545 318 2622 nus
346 2541 504 2637 sequitur
529 2539 654 2614 itidem
677 2538 849 2613 diversus.
906 2541 1035 2627 Motus
1064 2543 1160 2618 enirn
1189 2550 1294 2620 levior

241 2665 375 2738 corpus
394 2639 553 2728 excitat,
579 2635 829 2732 paulo-fortior
849 2639 1007 2715 calorem
1032 2641 1150 2731 addit,
1175 2645 1295 2718 circu·

239 2743 416 2818 larionem
440 2736 619 2835 sanguinis
642 2735 871 2810 intennorem
900 2737 1039 2829 reddit,
1063 2741 1296 2816 ornatiora

238 2837 370 2916 omnes
385 2847 606 2930 promovet,
623 2833 935 2927 transpirationem
949 2838 1086 2929 aperit,
1102 2837 1295 2930 dylcrafiar

241 2938 434 3014 humorum
451 2933 569 3022 tollit3
595 2937 763 3007 violentior
785 2945 903 3006 antem
928 2933 1137 3029 languorem
1155 2935 1293 3029 adfert,

241 3029 431 3130 &eorpus
449 3033 566 3104 mnlto
588 3028 732 3104 demum
753 3029 880 3104 labore
901 3027 1057 3126 frangit,
1082 3031 1190 3108 fibras
1208 3033 1295 3131 rigi·

240 3132 364 3208 diores
382 3130 632 3225 &praecocem
651 3125 865 3204 senetintem
883 3121 1004 3203 efficit.

338 3247 433 3324 P'uer
462 3259 525 3319 ant
547 3244 607 3319 vir
633 3244 779 3339 juvenis
801 3246 918 3320 multo
945 3267 1011 3342 per
1040 3257 1159 3326 totum
1194 3247 1292 3326 diem

239 3361 346 3426 motu
372 3345 417 3420 ad
442 3341 675 3418 laffitndinem
703 3363 817 3434 nsque
850 3341 919 3417 lese
947 3365 1116 3420 exercere
1149 3347 1292 3443 potest,

242 3446 371 3522 eodem
381 3441 500 3517 nihilo
511 3439 767 3537 minnsvigore
780 3437 1156 3532 postridieredeunte:
1183 3444 1295 3520 senex

240 3563 335 3616 vero
349 3539 533 3615 laboribus
547 3537 747 3630 confodias,
769 3535 947 3632 semelque
962 3539 1189 3638 defatigatus,
1214 3543 1294 3632 pln-

238 3639 343 3722 'ribns
357 3636 447 3732 saepe
461 3635 587 3712 diebus
605 3636 650 3712 rd
665 3637 763 3710 viter
780 3635 993 3732 reparandas
1010 3638 1158 3734 indiget.
1201 3639 1294 3714 Gra-

241 3738 308 3813 dus
324 3737 433 3834 igitur
445 3731 621 3812 motionis
637 3755 708 3834 pro
723 3731 872 3812 direrfie
887 3735 1054 3814 omnbus
1066 3735 1221 3818 sollicite
1239 3735 1296 3813 est

235 3830 548 3936 determinandus.
1129 3921 1134 3932 ¹

1205 3947 1299 4026 Mo·
