2770 4752
287 175 361 268 '412
446 173 572 250 USUS
597 171 857 249 HISTORIAE
880 171 1183 250 NATURALIS.

295 519 300 533 .
386 453 426 528 N
429 454 563 550 egletta
578 453 757 547 eiusmodi
775 452 1029 544 Oeconomia,
1051 454 1208 528 infelices
1225 453 1324 530 allent

289 555 479 641 homines,
519 553 552 624 δι
582 566 687 626 terrae
717 565 819 624 extra
846 551 1012 644 tropicos
1038 554 1102 626 vix
1128 552 1322 628 habitanda.

288 655 470 730 Ponamus
488 650 595 724 nobis
615 652 665 723 ob
681 651 811 723 oculos
829 653 982 740 terram,
998 651 1119 742 quales
1135 650 1185 724 hae
1200 649 1234 725 le
1258 665 1324 723 ten·

290 749 466 826 trionales
485 771 558 821 nrae
575 747 676 836 lunt,
702 748 895 838 incultam,
920 769 1025 840 qoam
1046 748 1191 838 Pineta,
1248 749 1325 821 rice·

288 865 327 922 ta
346 847 544 938 fimilesque
563 845 699 919 steriles
722 846 853 936 plantae
873 859 996 918 totam*
1010 861 1248 940 occuparentr
1262 867 1266 870 ·
1281 846 1324 919 in·

283 944 551 1024 clementiusne
574 944 728 1038 cogitari
754 942 867 1014 fatum
890 943 1026 1034 pollet,
1053 965 1158 1037 quam
1183 943 1324 1018 hominis

287 1043 362 1117 lure·
387 1040 575 1136 naufragio
595 1039 775 1134 projetii?
829 1039 906 1114 Vix
936 1061 1000 1134 por
1025 1043 1198 1137 integram
1222 1044 1324 1136 regio·

286 1163 391 1228 nem,
415 1153 580 1231 tempore
603 1139 785 1232 praecipue
805 1137 981 1230 hiberno,
1009 1142 1187 1233 reperiret
1201 1155 1324 1215 tantun

287 1239 331 1314 ad
352 1238 385 1310 se
414 1237 699 1326 sustentandum,
733 1249 904 1328 quantum
937 1237 1043 1310 unius
1082 1237 1239 1312 hominis
1266 1236 1330 1310 llo·

284 1337 449 1410 maelium
471 1336 659 1413 latrantem
678 1333 820 1407 leniret.
873 1331 987 1428 Cujus
1005 1334 1156 1408 miserias
1177 1335 1324 1428 exempla

284 1433 513 1508 itinerarium
525 1431 678 1505 Anionii
694 1432 902 1525 habet;.qui
922 1445 1062 1522 nautas,
1073 1434 1118 1506 ad
1134 1433 1250 1509 varias
1263 1433 1323 1505 Au·

283 1531 407 1604 strales
436 1544 548 1601 terras
575 1529 753 1622 rejectos,
782 1531 841 1600 vel
873 1529 1013 1621 periiffe
1038 1545 1183 1620 narrat,
1206 1532 1263 1604 vel
1283 1529 1300 1603 f
1313 1571 1323 1588 ·

283 1651 343 1702 me
362 1627 609 1718 periclitantes
629 1629 667 1700 in
689 1625 888 1699 vastissimis
915 1627 989 1700 istis
1009 1630 1137 1716 terris,
1165 1651 1241 1720 quae
1263 1628 1323 1700 col·

283 1739 331 1799 tae
347 1723 549 1812 lisuillent,
568 1724 791 1820 myriadibus
804 1724 991 1797 bominum
1005 1724 1231 1802 suffecilient.
1259 1725 1323 1797 Cir·

283 1829 326 1897 c'a
343 1822 439 1919 quod
456 1821 575 1894 mirari
594 1821 722 1914 aliquis
740 1818 877 1913 pollet,
904 1823 941 1895 in
960 1835 1031 1895 tam
1056 1823 1156 1896 vasta
1170 1823 1323 1920 regione,

284 1911 346 1994 irbi
377 1920 439 1993 vix
472 1919 701 1993 numerandae
732 1918 813 2009 sunt
839 1917 975 2013 species
1006 1923 1231 2014 plantarum,
1259 1941 1323 2012 que

282 2018 418 2112 dpserta
437 2017 501 2091 ista
524 2028 679 2109 ornant,
704 2030 776 2092 tam
792 2037 924 2112 paucas
955 2017 1138 2111 crescere,
1175 2039 1250 2114 quae
1269 2017 1322 2091 ho

281 2118 418 2190 minum
438 2116 613 2188 alimento
632 2127 724 2210 apta
741 2115 830 2202 fint3
859 2113 916 2187 sed
939 2115 1129 2209 plerasque
1145 2117 1322 2212 pecoribus

161 2273 164 2282 .
281 2213 351 2287 e'lie
366 2213 557 2287 destinatas
574 2213 726 2306 aliisque
744 2213 968 2286 animalibus.
1019 2213 1135 2289 Nulla
1151 2216 1245 2289 enim
1261 2212 1322 2286 exi·

280 2309 343 2385 stit
367 2310 514 2399 Planta,
557 2331 637 2403 quae
661 2331 738 2385 non
763 2308 942 2384 esculenta
970 2311 1013 2386 fit
1036 2313 1147 2390 alicui
1171 2311 1321 2400 animali,

280 2407 322 2500 ut
344 2407 436 2478 adeo
462 2405 646 2481 videretur
666 2407 772 2481 facile
790 2421 918 2481 natura
944 2407 983 2483 in
1010 2411 1179 2485 animalia
1203 2407 1321 2508 magis,

280 2525 385 2597 quam
403 2506 440 2578 in
466 2504 650 2604 bominem
677 2501 852 2581 benefica.
904 2505 1050 2602 Nempe
1073 2509 1098 2583 fi
1124 2509 1236 2584 homo
1257 2507 1320 2580 vel·

277 2605 332 2676 let
363 2606 399 2676 in
424 2603 521 2676 suom
553 2617 698 2677 vertere
725 2601 823 2678 usum
852 2623 915 2694 ea,
948 2627 1027 2698 quae
1049 2605 1111 2680 sua
1134 2627 1212 2682 non
1234 2604 1319 2692 sunt,

278 2713 341 2777 atrt
364 2701 427 2774 sibi
453 2699 627 2775 destinata
646 2700 683 2776 in
707 2700 948 2793 alimentum,¹
972 2702 1110 2797 periret
1137 2704 1222 2778 inde
1248 2718 1320 2776 tan·

278 2807 383 2892 quarn
409 2819 555 2873 veneno
579 2811 740 2874 necatos.
793 2799 905 2904 Quod
927 2821 1019 2873 vero
1044 2821 1090 2874 ex
1113 2801 1221 2876 sacris
1239 2800 1318 2874 litte

276 2899 327 2969 ris
354 2897 519 2984 discitur,
557 2896 592 2969 id
626 2895 700 2991 ipsa
731 2911 1034 2990 qnoquenatura
1061 2901 1216 2994 propius
1246 2917 1318 2970 con·

275 2993 390 3085 speiia
409 2995 539 3082 docet,
567 2995 689 3068 omnia
713 2994 887 3092 videlicet
907 2995 950 3068 ad
977 2993 1138 3072 hominis
1160 2994 1319 3072 destinata

276 3087 345 3161 elie
377 3091 588 3164 felicitatem
620 3091 909 3187 utilitatemque,
942 3093 1069 3168 finon
1100 3093 1317 3178 immediate,

273 3203 394 3264 tamen
412 3188 587 3276 mediate;
606 3191 816 3284 'laboreque
836 3191 1113 3286 &experiundo
1133 3192 1238 3269 utilia
1253 3185 1318 3266 red·

273 3286 333 3380 di,
358 3309 438 3380 quae
460 3288 522 3361 usu
542 3309 664 3361 carere
683 3289 911 3366 videbantur.

547 3433 719 3538 carun
751 3463 1053 3549 sncuunun.

290 3695 294 3706 ’
368 3675 588 3779 Quicunque
605 3675 658 3748 rei
675 3577 913 3750 cecesinorlnicae
931 3697 1079 3771 operam
1100 3675 1315 3774 impendunt,

269 3793 313 3843 ex
332 3789 468 3844 nature
484 3774 584 3866 gazis
600 3773 780 3868 colligunt
804 3795 868 3862 ea,
898 3776 1027 3868 quibus
1052 3799 1146 3868 opus
1171 3777 1315 3858 habent,

267 3871 300 3942 &
331 3871 503 3967 quidquid
536 3871 581 3945 acl
611 3871 909 3949 commoditatem
939 3874 1009 3948 illae
1038 3873 1213 3951 offerunt.
1267 3867 1316 4040 {a

290 4019 295 4032 .
1253 3991 1269 4042 2
1303 4003 1313 4021 .
