2640 4744
261 253 333 326 228
361 227 713 317 FERVIDORUM
740 225 1112 312 dr'GELIDORUM
1134 227 1250 306 USUS.

691 415 798 491 CAP.
851 413 900 488 ΙΙ.

628 555 660 629 G
686 555 722 628 E
748 555 783 628 L
809 553 895 629 ID
919 551 968 632 A.

737 689 771 778 r.
821 683 851 758 1.

359 799 419 876 Ad
438 803 590 874 aiterum
608 797 810 895 argumenti
829 791 942 872 ndstri
963 806 1203 884 momentum,
1220 793 1298 887 quod

260 904 300 978 in
329 904 508 996 gelidorum
538 898 830 971 consideratione
862 896 1016 989 posrtum
1051 894 1123 982 cst,
1146 895 1211 986 jam
1232 915 1297 986 pro·

262 999 472 1097 gredientes
497 1017 589 1084 nos,
619 997 774 1090 primum
804 996 958 1067 omnino
990 989 1184 1088 fignificare
1209 1011 1297 1083 opor-

265 1115 341 1188 tet,
367 1119 444 1171 non
470 1116 597 1168 eorum
616 1105 777 1180 tantum,
805 1113 884 1184 quae
904 1091 1053 1185 proprie
1070 1089 1183 1186 gelida
1198 1088 1298 1161 dicun·

263 1199 348 1286 tur,
372 1195 455 1284 seu,
481 1213 559 1284 quae
577 1189 620 1264 ad
642 1189 812 1284 punitum
833 1189 1103 1284 congelationis
1121 1207 1213 1280 aque
1227 1207 1298 1259 mer·

264 1293 407 1369 curium
436 1291 497 1362 vel
529 1289 708 1381 liquorem
739 1287 955 1362 descendere
983 1286 1144 1376 faciunt,
1169 1283 1299 1359 mentio·

263 1413 349 1466 nem
381 1409 451 1463 nos
476 1387 558 1460 heic
586 1383 727 1474 facere;
765 1384 824 1459 sed
857 1405 985 1459 eorum
1008 1385 1140 1475 etiam,
1165 1405 1235 1477 qua
1257 1379 1298 1452 his

263 1485 507 1564 decrescentis
536 1484 670 1558 caloris
689 1484 800 1578 gradu
826 1484 1001 1580 propiora
1019 1479 1123 1573 sunt,
1149 1477 1299 1574 &frigida

183 1651 186 1665 .
265 1583 475 1680 srmpliciter
506 1582 678 1655 audiunt:
720 1584 892 1672 quoniam
930 1583 1006 1655 haec
1040 1576 1299 1677 quoquepluri·

264 1705 347 1759 mos
365 1678 622 1774 intempestive
648 1677 840 1754 admittere
866 1699 944 1754 non
971 1699 1057 1752 raro
1085 1679 1198 1754 sumus
1218 1695 1300 1750 eon·

265 1781 374 1878 perti.
441 1778 495 1852 At
529 1797 640 1871 qutun
673 1799 750 1850 non
778 1777 903 1852 onnia
930 1776 1103 1852 omnibus
1133 1777 1199 1854 int
1224 1791 1301 1864 aque

264 1877 418 1973 frigida,
441 1897 563 1969 neque
588 1873 714 1948 omnia
743 1875 804 1948 illa
830 1897 1051 1968 quocunque
1076 1889 1234 1970 tempore
1254 1891 1302 1944 nu·

266 1991 377 2052 ceant
402 1988 465 2048 aut
480 1972 714 2063 conducant,
740 1972 799 2045 sed
825 1995 894 2066 pro
912 1969 1174 2048 consuetudine
1190 1970 1221 2046 a
1235 1987 1302 2042 con

266 2075 412 2150 ditione
438 2074 598 2160 utentis;
627 2083 781 2166 oportet
810 2071 964 2145 omnino
991 2073 1090 2146 usum
1121 2069 1302 2167 srigidorun

268 2170 591 2248 commendaturos
619 2167 653 2242 δι
679 2168 954 2264 vituperaturos
977 2173 1147 2258 abusum,
1172 2188 1244 2242 cum
1269 2164 1303 2235 la·

268 2271 342 2344 tius
372 2269 432 2342 ilia
456 2267 683 2360 intelligere,
707 2279 784 2340 turn
806 2269 851 2341 ad
871 2267 1042 2364 graduum
1067 2270 1169 2342 srmul
1189 2259 1304 2341 direti·

269 2381 405 2458 tatem,
430 2364 519 2436 licet
537 2384 616 2437 non
632 2362 893 2459 scrupulosius,
923 2367 1126 2441 attendere.

746 2519 780 2607 §-
832 2511 880 2590 u.

370 2619 480 2695 Vitio
496 2621 640 2715 quidem
653 2621 876 2699 nostratibus
890 2623 975 2699 dare
989 2625 1176 2716 nolumus,
1188 2639 1305 2696 omnen

270 2721 326 2818 in*
353 2720 568 2815 peregrinos
606 2721 837 2815 adoptandos
872 2745 993 2795 mores
1034 2721 1304 2818 propensionem,

270 2841 381 2913 quum
408 2819 503 2893 inter
524 2818 593 2892 hos
610 2819 756 2893 fortasse
771 2822 858 2912 sint,
884 2824 945 2913 qui
959 2842 1094 2916 magno
1111 2843 1190 2896 curn
1210 2816 1306 2912 patria

272 2916 471 2991 commodo
497 2915 641 2991 adscisci
671 2916 822 3012 poffint3
855 2917 914 2991 sed
943 2919 1101 2992 reticere
1127 2941 1193 2992 nec
1216 2912 1305 3010 posiu-

269 3037 372 3127 mus,
406 3035 476 3087 nec
506 3013 699 3107 debemus,
736 3031 829 3110 quot
857 3015 919 3089 srbi
946 3038 1034 3110 gens
1053 3014 1175 3091 nostra
1200 3007 1307 3087 arcesi-

272 3127 330 3184 vrt
350 3113 464 3202 mala,
491 3133 536 3185 ex
561 3135 635 3205 quo
650 3114 807 3189 aliarum
830 3116 1014 3208 gentium,
1041 3115 1228 3207 presertim
1251 3110 1306 3180 iila·

271 3231 372 3300 rum,
408 3231 487 3302 quae
520 3210 732 3285 calidiorem
771 3213 893 3286 nostra
923 3213 1095 3287 hauriunt
1129 3232 1261 3296 auram,
1282 3205 1308 3274 iu

271 3308 406 3382 vestitu
433 3309 466 3381 dr
495 3306 593 3380 vinu
620 3309 918 3384 consuetudinem
948 3309 1099 3384 nimium
1120 3307 1243 3384 imitari
1258 3325 1307 3377 cu·

271 3407 359 3519 pit..
391 3405 465 3509 Qui
498 3406 594 3479 circa
625 3407 817 3520 vestitum,
845 3409 966 3504 patrio
995 3409 1131 3482 climati
1159 3408 1217 3480 vix
1242 3419 1309 3478 con·

271 3523 508 3591 venientem,
536 3521 840 3597 committuntur,
867 3528 1010 3580 errores
1040 3509 1112 3598 jam
1146 3506 1309 3582 mittimus,

272 3601 358 3674 illos
388 3604 642 3675 tantummodo
681 3604 897 3696 indicaturi,
934 3625 1027 3697 quos
1064 3607 1162 3678 circa
1203 3604 1309 3674 virtum

273 3699 400 3792 sapius
425 3701 533 3772 nobis
559 3701 718 3796 contigit
733 3701 939 3774 observare.
974 3702 1094 3806 Quum
1111 3723 1202 3776 vcro
1216 3700 1309 3794 plures

274 3799 383 3871 etiarn
419 3796 468 3868 illi
500 3796 588 3889 sint,
617 3821 722 3891 quam
750 3802 809 3892 qui
841 3799 945 3875 arctis
973 3800 1151 3873 limitibus
1186 3799 1309 3898 circum

275 3895 380 3970 scribi
408 3894 561 3990 poisrnt,
586 3917 652 3970 eos
680 3896 898 3992 potisiirnum
926 3898 1249 3988 confirmabimus,
1269 3907 1309 3980 qu

1057 4041 1060 4048 .
1247 4007 1309 4088 pm.
