2716 4748
213 159 216 166 “
268 130 337 264 §ab
525 113 700 242 'dns
736 164 1034 244 cantantis.

176 339 178 346 ’
238 337 239 345 '
267 333 400 421 t'redini
422 345 607 439 relistuut,
638 347 937 440 quemadmodum
963 339 1138 423 testantur
1161 345 1313 423 amariu-

267 466 337 548 mp,
361 469 391 516 e.
405 467 438 540 g.
469 445 585 533 Aloe,
613 445 763 538 Myrrha
784 443 850 519 dte.
881 467 958 540 que
986 443 1122 538 semper
1142 447 1188 520 ad
1216 445 1292 520 bali
1306 485 1314 500 ·

267 545 465 619 mationem
491 541 649 618 adhiblta
677 541 777 633 stunt,
804 543 934 638 quibus
961 543 1066 616 etiam
1100 543 1257 638 putredo
1283 543 1316 616 in

268 641 573 717 animali'viuenti
593 641 735 713 tollitur
753 639 786 714 dt
802 641 1011 733 impeditur.
1062 643 1205 714 Horum
1228 642 1315 734 prin·
1348 691 1349 698 κ

269 761 355 833 ceps
389 739 511 812 nostra
548 750 654 813 aetate
692 741 793 814 audit
826 739 963 812 Cortex
995 737 1219 830 Cinchonae,
1264 739 1315 830 qui

267 837 362 912 suum
390 837 588 910 amaritiem
606 837 744 909 iteratis
766 835 1041 910 decoc'lionibus
1060 835 1123 910 vix
1142 835 1316 932 emulgere

266 934 423 1030 patitur3
447 934 506 1011 lric
522 937 710 1029 scordium,
732 938 768 1008 C.
783 937 1004 1024 Bendidium,
1025 935 1230 1023 Gentianam,
1248 938 1315 1008 Ceu·

269 1042 421 1106 rotimum·
440 1040 518 1107 utin.
546 1033 678 1124 quibus
709 1047 852 1107 veteres
887 1033 1015 1107 crebro
1042 1031 1232 1126 fausteque
1248 1045 1316 1104 ute·

269 1133 423 1222 bantur,
454 1130 616 1226 expulit3
656 1143 797 1224 tempus
832 1153 923 1204 vero
955 1129 1078 1223 dabit,
1118 1130 1206 1224 quid
1237 1131 1317 1206 Faba

268 1230 393 1400 lguprii
417 1227 451 1302 u
465 1231 619 1404 pignum
643 1228 779 1336 Qpaffiae
804 1231 971 1322 valeant,
1006 1229 1040 1302 dt
1074 1249 1120 1304 su
1139 1229 1192 1310 in
1227 1227 1317 1304 usura

269 1341 324 1401 tra
351 1339 456 1401 antur

365 1425 493 1500 Amara
512 1426 712 1520 appetitum
726 1425 899 1514 excitare,
913 1423 1226 1522 digestionemque
1242 1443 1316 1520 pro·

268 1543 443 1614 mouere,
479 1524 517 1597 in
553 1523 624 1595 viis
652 1522 814 1598 secundis
847 1521 1074 1616 diaphorefin
1103 1519 1317 1596 &calorem

270 1620 462 1716 augendo,
493 1619 642 1716 systema
663 1621 827 1697 vasorum
843 1619 1046 1708 stimulare,
1071 1642 1129 1694 res
1148 1619 1201 1694 est
1216 1619 1316 1695 notil

270 1721 370 1794 stuta:
403 1717 462 1792 sed
490 1719 515 1794 fi
541 1720 625 1792 inde
648 1717 884 1793 concluderet
918 1719 1118 1813 quispiam,
1153 1715 1316 1793 humores
1348 1797 1349 1824 χ

270 1815 397 1890 iisdem
437 1815 514 1890 fieri
549 1817 750 1904 densiores,
792 1837 875 1890 cum
914 1815 1080 1909 opposita
1124 1815 1316 1890 eorundem
1348 1829 1349 1916 3

270 1916 371 1989 acida
397 1915 599 2002 resolvant,
639 1915 672 1986 dt
690 1933 754 2008 per
770 1914 994 2010 consequens
1007 1935 1142 1988 nocere
1160 1915 1201 1987 in
1218 1911 1315 1988 febri·
1348 1949 1349 1958 κ

269 2018 337 2086 bus
365 2011 630 2087 ardentibus&
657 2009 902 2107 phlogisticis‚
944 2010 1030 2086 huic
1066 2011 1315 2087 controversie

270 2125 416 2186 uosmet
439 2131 515 2184 non
540 2109 794 2183 immiscemus:
821 2108 1101 2198 contendentes,
1127 2131 1249 2186 amara
1265 2131 1314 2181 ex·
1348 2185 1349 2200 Ν

269 2221 324 2280 tra
343 2229 486 2283 omnem
508 2207 747 2281 dubitationis
764 2207 875 2282 aleam
899 2206 969 2283 elle
988 2208 1178 2304 balsamico,
1204 2227 1314 2302 quent·

270 2306 463 2378 admodum
487 2303 575 2379 illud
602 2319 704 2400 patet
734 2327 780 2379 ex
801 2306 985 2380 ulceribus
1006 2307 1174 2399 putridis,
1189 2305 1315 2401 &gan-
1348 2309 1349 2316 '

205 2446 208 2464 .
268 2423 411 2498 grana,
438 2403 499 2476 ubi
523 2403 579 2475 in·
598 2404 794 2477 &externe
813 2402 927 2480 fauste
951 2401 1188 2498 usurpantur,
1210 2402 1314 2499 putri·

269 2501 352 2574 dum
380 2499 413 2571 δι
438 2499 640 2594 spbacelum
661 2501 831 2578 arcendo.

288 2661 292 2672 ,
374 2597 523 2673 Tunicam
544 2619 746 2673 amarorum
765 2600 840 2674 vim
861 2597 985 2694 prodit
1003 2595 1232 2692 masticatio,
1256 2615 1315 2672 nec

268 2713 346 2770 non
368 2695 448 2770 ttius
470 2696 563 2770 haud
589 2717 715 2776 recens
742 2696 779 2770 in
800 2695 952 2770 Calculo
965 2697 1005 2770 dt
1022 2695 1193 2792 Podagra.
1240 2695 1313 2768 Cer·

268 2810 328 2884 te,
355 2795 380 2869 ss
404 2795 590 2868 attendere
608 2793 762 2867 velimus
783 2794 826 2868 ad
847 2796 925 2868 illas
943 2792 1098 2884 causus,
1123 2817 1203 2887 quae
1230 2813 1311 2868 mor·

268 2895 399 2965 borum
425 2914 540 2986 nuper
571 2891 746 2966 ditiorum
765 2893 885 3062 penest
915 2891 1061 2978 favent,
1095 2893 1222 2984 quales
1246 2891 1314 2964 sunt
1348 2965 1349 2976 Ν

269 2988 393 3080 quies,
421 2987 499 3062 usus
531 2989 739 3079 acidotum,
791 2989 1049 3079 iureticorum‚
1073 2988 1210 3085 frigus,
1236 3003 1314 3062 tem·

266 3085 423 3181 pestates
439 3088 616 3178 humide,
642 3087 882 3177 venationes,
904 3087 1170 3180 equitationes,
1193 3087 1314 3162 Venus
1335 3094 1341 3103 “

265 3203 480 3278 praemature
499 3185 533 3258 dt
554 3186 661 3259 nimis
682 3187 799 3274 culta,
830 3183 1049 3259 deducentes
1071 3183 1240 3259 effebum
1264 3205 1314 3256 ea·

266 3305 346 3360 rum
369 3305 619 3373 communem,
652 3283 711 3376 qni
739 3305 814 3357 non
842 3282 962 3377 potest
990 3303 1067 3358 non
1094 3281 1164 3356 effe
1189 3279 1313 3356 solido

266 3383 512 3470 summouit,
546 3381 580 3454 dt
606 3401 683 3472 quae
709 3380 806 3454 illam
833 3381 972 3476 excipit
996 3381 1186 3454 humorum
1219 3377 1313 3454 crafis

265 3480 414 3552 vitiata:
442 3477 514 3554 sole
537 3476 738 3553 meridiano
760 3478 890 3552 clarius
918 3478 1079 3574 patebit,
1103 3499 1168 3554 cur
1188 3478 1313 3552 Amara

267 3597 333 3670 pro
368 3577 590 3654 debellandis
625 3575 720 3650 hisce
751 3579 853 3650 malis
882 3578 1033 3651 multum
1063 3571 1313 3651 celebrentur?

266 3673 426 3746 liundem
458 3675 506 3750 ob
532 3673 704 3765 caulium,
730 3696 798 3748 nec
823 3676 988 3771 exiguam
1011 3674 1151 3750 laudern
1181 3693 1313 3750 merea·

265 3784 324 3845 tur
348 3771 392 3844 ad
421 3772 710 3848 corroborandas
734 3772 899 3868 gingivas
924 3785 1127 3867 tumentes,
1152 3771 1187 3848 dr
1214 3785 1312 3848 tarta·

229 3892 344 3948 ·rum
369 3893 390 3945 a
415 3869 584 3950 dentibus
607 3869 833 3970 abigendum.
987 3881 994 3893 “
1191 3971 1214 4060 ᾖ
1255 3959 1302 4037 XI
