2716 4748
278 213 352 284 410
434 183 560 262 usus
586 160 846 262 urniorum
868 181 1167 267 unwanus.

280 367 373 460 quasi
392 388 437 438 ex
457 363 577 438 cdiiio
596 363 659 438 nbi
677 362 862 438 destinatis
877 363 1114 441 sustententur
1129 367 1309 456 alimenrirr

279 467 355 560 sine
370 464 499 557 quibus
523 483 742 558 quocunque
770 462 908 552 horulae
932 469 1119 539 momento
1141 466 1310 562 evanesce·

278 560 372 638 rint.
425 561 522 638 Nam
537 559 823 652 unumquodque
839 581 989 652 eorum,
1020 583 1096 638 non
1114 563 1243 652 dicam,
1260 583 1312 658 ge·

278 681 370 749 aue,
400 657 458 734 sed
485 659 594 732 etiam
613 667 835 753 unaqueque
854 657 1009 752 species,
1033 657 1313 752 habersuospro·

279 759 381 854 prios
398 779 415 829 a
433 769 561 832 natura
578 768 781 856 propentus
799 755 834 827 &
852 755 1133 847 Oeconomiam,
1149 758 1231 832 &id
1247 757 1314 851 qui·

279 859 359 928 dem
380 876 459 928 eam
480 853 530 928 ob
549 853 721 944 cannam,
754 865 794 926 ut
809 875 856 930 ne
874 855 966 930 alter
983 857 1132 944 alterum
1152 856 1234 933 cibo
1253 857 1313 948 pri·

279 967 385 1026 varet
402 951 711 1044 incommodaque
733 950 903 1038 afficeret,
923 951 956 1024 u
981 952 1073 1026 ordo
1100 953 1183 1028 inde
1209 954 1314 1028 turba·

279 1067 388 1126 retur.
443 1047 770 1156 Quaproptersuis
793 1069 834 1121 ea
854 1048 1029 1122 limitibus
1046 1049 1313 1142 circumscripsit,

279 1151 397 1238 iisque
412 1149 557 1242 quidem
572 1147 634 1222 sub
653 1167 759 1242 poena
776 1145 1057 1242 transgreffionis
1076 1147 1230 1241 capitali.
1249 1147 1314 1222 lio

279 1250 413 1322 minem
430 1267 535 1348 uero,
553 1247 717 1318 ultimum
732 1243 800 1318 sue
815 1245 1013 1344 creationis
1034 1269 1150 1340 opus,
1169 1245 1313 1338 omnium

280 1346 484 1440 collocavit
524 1343 748 1440 principem,
795 1341 834 1416 in
882 1343 1002 1440 cujus„
1025 1341 1124 1418 usum
1162 1343 1315 1422 cederent

281 1443 404 1516 omnia
431 1465 472 1514 ac
495 1441 627 1536 singula
650 1438 838 1533 proxime,
862 1439 923 1513 vel
947 1440 1216 1517 interveniente
1240 1440 1312 1518 alio.

280 1539 413 1629 Neque
437 1538 530 1631 juste
550 1536 725 1632 quispiam
748 1547 894 1630 reputet
917 1551 1080 1613 naturam
1105 1539 1241 1614 homini
1261 1559 1315 1612 no·

280 1657 447 1724 veroum,
473 1650 514 1707 ut
534 1657 614 1710 cum
636 1635 755 1708 Plinio
774 1636 923 1728 loquer,
948 1636 1045 1727 quod
1069 1637 1184 1712 rarius
1204 1635 1316 1730 sponte

279 1733 420 1807 homini
444 1733 605 1827 porrigat
624 1730 800 1806 sufficiens
817 1734 1047 1821 alimentum3
1073 1733 1242 1807 accedere
1262 1753 1316 1804 vo·

279 1831 349 1903 luit
372 1829 555 1905 beneficus
571 1829 713 1921 Dator‚
736 1830 775 1904 in
791 1830 952 1926 legendis
972 1829 1046 1904 istis
1064 1831 1139 1912 Dei
1157 1829 1316 1926 vestigiis,

281 1928 489 2002 industriam
527 1928 775 2018 debboram,
810 1943 883 2002 tam
915 1927 960 2002 ad
985 1927 1091 2004 lllum
1128 1927 1244 2022 Ipsum
1279 1945 1317 1998 ex

281 2028 496 2121 cognitione
526 2047 646 2104 rerum
679 2041 879 2102 creatarum
905 2026 1319 2120 inponendumque

280 2125 324 2196 ad
349 2124 514 2198 discenda
539 2123 573 2198 δι
597 2123 859 2217 comparanda,
885 2125 1013 2216 quibus
1038 2124 1072 2199 se
1098 2125 1172 2199 alat
1197 2124 1317 2208 homo,

280 2223 314 2293 dr
344 2245 497 2314 quorum
528 2244 600 2318 ope
633 2220 705 2297 suis
736 2219 811 2317 ipse
847 2221 1038 2300 lirbveniat
1066 2220 1316 2299 necellitatibua

280 2321 423 2397 ceteris.
610 2405 613 2412 ‚

739 2421 773 2510 §.
825 2414 873 2492 11.

376 2511 466 2586 Non
494 2512 663 2587 omnibus
683 2512 818 2608 plantis
850 2525 913 2588 aut
937 2511 1156 2588 animalibus
1181 2529 1317 2590 unaet-

279 2611 432 2704 demque
449 2609 501 2684 est
519 2611 654 2705 patria:
685 2611 764 2685 aliae
783 2614 880 2686 enim
898 2611 1054 2684 torridae
1075 2609 1241 2688 habitant
1256 2611 1316 2704 pla·

279 2731 362 2805 gas,
394 2709 472 2781 aliae
497 2721 736 2802 temperatas,
760 2709 838 2784 alie
854 2708 1000 2804 frigidas
1020 2707 1056 2781 dr
1070 2709 1232 2803 alpinas,
1252 2707 1317 2781 alie

279 2805 449 2899 aquosam
487 2805 545 2879 sed
577 2808 691 2880 homo
723 2807 818 2880 solus
848 2807 925 2880 iere
954 2805 1119 2880 omnium
1143 2807 1317 2904 regionum

280 2907 413 2976 incola.
464 2903 634 2977 Primaria
653 2919 774 2979 tamen
791 2906 948 2982 bominis
966 2906 1084 2998 patria
1102 2898 1318 2978 videturelle

280 3003 374 3074 intra
403 3002 587 3093 tropicos:
617 3024 698 3076 cum
722 3015 850 3076 natura
872 3001 915 3076 fir
932 3000 1070 3087 nudus,
1095 3001 1223 3096 ibique
1253 2999 1317 3072 abs·

280 3119 349 3188 que
385 3099 499 3171 nimio
529 3100 656 3176 labore
691 3098 725 3172 se
761 3097 953 3174 sustentare
987 3097 1095 3194 poffit
1127 3097 1318 3173 virentibus

279 3191 416 3284 semper
432 3196 585 3290 plantis,
611 3218 689 3289 quae
713 3218 777 3292 per
801 3211 920 3272 totum
943 3217 1078 3271 annum
1102 3193 1319 3292 suppeditent

277 3292 432 3381 frenus,
459 3294 591 3381 flores,
616 3307 741 3368 tenera
762 3294 877 3384 folia,
908 3291 1069 3382 radicem
1099 3293 1154 3366 ita
1174 3293 1317 3388 quidem,

277 3405 332 3477 ut,
350 3393 398 3463 ob
414 3392 573 3464 calorem
588 3413 798 3486 perennem,
812 3390 1023 3487 displiceant
1044 3411 1175 3468 carnee
1199 3388 1318 3464 desum·

277 3503 385 3578 taque
417 3511 462 3562 ex
488 3489 701 3563 animalibus
734 3490 916 3564 alimenta.
966 3489 1037 3563 Sed
1061 3509 1146 3564 cum
1169 3489 1245 3564 hec
1268 3503 1318 3579 pa·

278 3587 348 3656 tria
379 3607 454 3659 non
490 3586 664 3662 sufficeret
692 3587 883 3677 omnibus,
910 3585 1025 3662 coaiii
1056 3587 1140 3662 sunt
1164 3582 1318 3660 homines

277 3693 379 3754 extra
401 3685 566 3777 tropicos
592 3705 657 3778 per
678 3697 818 3774 totum,
848 3697 1129 3780 quaqua—patet,
1157 3695 1318 3759 terrarum

278 3783 402 3852 orbem
432 3781 599 3874 evagari,
625 3780 658 3854 dr
685 3780 721 3855 in
744 3783 913 3858 omnibus
935 3803 1116 3876 querere,
1145 3779 1245 3876 quod
1281 3769 1317 3846 ed

276 3875 309 3950 se
339 3877 603 3968 sustentandum
627 3875 820 3958 conducet.
883 3879 960 3956 Ubi
989 3900 1083 3956 vero
1106 3880 1229 3962 ninus
1251 3873 1317 3982 sup

1219 3981 1315 4068 peut,
