2688 4752
472 215 648 298 LEPRA.
846 204 854 220 '
1020 235 1090 320 sup

36 395 100 468 ties
133 393 409 474 inunuionibus
430 395 786 492 lsaliuationibusque
817 401 1092 478 mercurialibus

33 494 178 590 Leprnn
192 493 437 588 nequicquam
457 493 559 570 iuilie
578 509 765 572 tentatam.

123 631 385 724 Superioribus
408 631 480 724 jtm
505 632 609 708 annis
628 633 843 732 Londinenses
868 655 950 710 cum
976 624 1093 708 erudi·

34 737 72 798 to
90 729 185 802 orbe
215 729 552 818 communicarunt,
578 751 683 824 quem
709 730 747 806 in
766 729 912 806 modum
938 731 1093 826 Leptam

33 825 472 922 Aquammmfelicite14
493 828 577 902 dum
602 849 731 926 aquam
749 829 841 904 hanc
865 831 995 924 majori
1019 829 1094 904 doli

34 925 299 1017 propinarunt,
326 937 476 1000 externe
497 927 596 1000 simul
620 947 712 1024 egra
736 949 894 1024 corpora
921 927 1014 1002 oleis
1037 947 1094 1002 ct·

35 1021 134 1111 lidie,
164 1023 312 1097 acribus
335 1022 369 1096 u
394 1023 707 1116 penetrentiffimis
730 1027 985 1116 obunxerunt,
1010 1045 1094 1120 put·

35 1123 151 1212 gentia
169 1121 277 1211 juste
294 1121 522 1218 ingerentes,
542 1123 671 1216 quibus
688 1123 822 1218 pluries
835 1125 989 1214 mulum,
1008 1122 1094 1197 alias

37 1215 303 1292 immedicabile
319 1217 504 1316 habitum,
531 1241 578 1294 ex
596 1234 690 1294 voto
712 1221 951 1296 debellarunt.

82 1354 133 1430 Cl.
152 1343 299 1448 Resffilii
313 1347 508 1422 methodus
526 1349 674 1424 curandi
694 1349 850 1446 Leptam
866 1349 944 1426 hec
956 1349 1048 1426 l'uit:

288 1467 348 1522 120
376 1443 424 1538 lp.
449 1447 569 1524 Merc.
593 1445 688 1524 dulc.
714 1445 850 1546 gr.V1.

452 1543 602 1640 Camplr.
628 1567 681 1642 gr.
697 1545 726 1620 1.
793 1595 797 1604 ·

378 1639 405 1714 i.
424 1663 457 1720 e.
476 1639 795 1722 Conserv.·Rostr.
813 1667 849 1740 q.
867 1643 907 1728 tl

131 1741 261 1828 Bolus,
289 1737 388 1812 sexta
415 1740 543 1832 qctsvis
565 1741 674 1816 nodie
699 1739 912 1837 sumendus,
938 1739 1096 1840 superbi·

38 1838 157 1914 hendo
178 1837 375 1936 potionem
397 1837 642 1912 catharticum.

288 1954 349 2010 uzo
373 1931 500 2008 diebus
523 1936 567 2008 ab
591 1936 659 2010 hac
682 1933 758 2010 doli
781 1937 928 2014 vacuis:

377 2029 424 2126 il.
452 2031 582 2106 Carnis
607 2033 737 2126 Viper.
766 2033 831 2112 scr.
847 2033 876 2110 1.

451 2127 602 2222 Camph.
627 2149 680 2224 gr.
698 2127 728 2202 l.
829 2175 831 2182 ,

283 2260 286 2269 ¹
410 2225 628 2301 ·Conserv.
649 2225 776 2304 Rosar.
801 2225 880 2322 q.l3

237 2347 286 2402 m.
302 2325 329 2404 f.
354 2329 457 2402 Bolus
476 2325 568 2399 hora
587 2323 703 2400 somni
724 2325 926 2422 sumendus.

289 2445 350 2520 320
376 2421 552 2517 Sequenti
575 2443 682 2496 mane
706 2423 915 2514 hauriatur3

384 2518 431 2614 il.
455 2527 542 2606 Veae
563 2521 723 2596 marine.
772 2521 859 2598 Iless.

137 2647 234 2722 Hec
253 2665 339 2720 cura
355 2643 592 2718 continuetur
605 2617 676 2738 per
688 2643 867 2741 integrum
883 2643 1052 2724 mensem.

136 2785 195 2860 At
212 2771 377 2878 quamvis
399 2783 466 2856 hac
482 2780 544 2856 sub
561 2800 668 2873 cura,
696 2781 741 2856 de
759 2783 889 2858 Gordie's
897 2784 1100 2895 spiralibus,

47 2905 202 2976 qnorum
226 2883 263 2956 in
289 2879 532 2974 superioribus
558 2879 785 2954 mentionem
815 2879 1028 2973 injecimus,
1053 2905 1104 2958 ne

45 2981 215 3057 somniari
230 2979 373 3074 quidem
389 2978 572 3072 poterint,
592 2975 750 3052 nostram
765 2993 884 3052 tamen
899 2977 972 3052 hoe
985 2979 1104 3074 hypo·

46 3081 160 3154 thelin
184 3076 337 3152 mirifice
355 3073 558 3150 confirmat.
608 3073 707 3190 Quid
733 3075 828 3149 enim
853 3073 905 3150 est
926 3073 1105 3176 suspicatu

45 3177 213 3265 facilius,
240 3197 344 3268 quam
369 3173 605 3246 vermiculum
630 3171 902 3247 mundlionibus
922 3174 1103 3267 ejusmodi

45 3278 209 3350 externis
232 3285 423 3356 vexatum,
454 3267 730 3365 infestatumque
753 3291 881 3364 equam
906 3271 1103 3354 marinam.

45 3397 115 3448 ceu
138 3371 358 3446 elementum
389 3367 451 3442 fibi
481 3367 689 3460 proprium,
720 3369 757 3442 in
787 3371 877 3443 tubo
907 3367 1103 3446 intestineli

45 3487 236 3566 repetere,
263 3481 369 3562 atquc
386 3466 518 3540 exinde
538 3465 778 3564 purgantibus
795 3465 891 3559 ejici.

491 3665 526 3754 n.
575 3657 657 3736 xu.

144 3781 254 3860 Hisce
280 3784 389 3878 igitur
415 3781 455 3882 ip
475 3783 643 3858 summam
672 3783 838 3877 collatis,
873 3808 919 3864 ex
942 3786 1102 3864 limilitu·

48 3885 133 3962 dine
169 3883 486 3976 exanthematum,
522 3881 562 3958 in
587 3881 926 3978 locismaritimis5
967 3883 1105 4056 chsiu

226 4021 230 4033 .
998 4001 1037 4078 pn
1054 4002 1073 4054 c
1090 4025 1106 4044 .
