2640 4744
233 229 248 300 l
260 231 487 312 SPIRITUS
520 229 812 316 FRUMENTI.
999 231 1076 336 ης

34 411 109 500 ritus
132 413 224 490 unde
251 415 493 492 medicamine
512 413 741 506 domestico,
780 413 955 510 Spiritum
982 415 1071 494 Fru·

34 515 147 602 menti,
171 535 250 590 cunr
279 515 398 590 infuso
425 514 556 602 Allio,
581 513 749 589 advertus
776 534 920 590 vermes
946 517 1071 609 propi·

33 623 103 682 rant
125 612 312 687 nostrates.
363 613 432 686 Sed
461 615 637 704 majorem
669 609 757 686 haec
791 615 935 688 curatio
969 613 1073 692 dohn

33 706 186 800 postulat,
216 713 286 785 alia
306 730 352 784 err
378 725 480 804 parte
499 709 613 806 magis
631 711 794 784 noxiam.
844 711 903 786 Ad
929 711 1071 786 Ascuri-

33 803 80 876 des
109 827 216 894 vero,
256 810 319 903 qui
353 809 390 884 in
426 808 606 882 intestinis
640 808 853 900 plerumque
883 809 1071 887 versantur

32 901 252 994 crrihoribus,
280 928 355 980 non
385 906 449 980 nih
480 905 600 980 nmilia
627 907 700 1000 jam
728 905 867 982 virtute
898 907 1071 1003 pervenit

32 1001 229 1080 medicamen
254 1004 327 1080 hoc
353 1002 596 1100 spirituosurn.

106 1298 213 1372 Solida
242 1301 399 1380 induem
435 1321 593 1392 corpora
622 1294 829 1372 animalium
864 1295 901 1374 ln
931 1295 1070 1376 Museis

32 1393 228 1470 curiosorum
245 1397 371 1488 spiritu
386 1396 465 1470 vini
485 1398 522 1470 in
537 1399 645 1492 longa
662 1417 777 1488 usque
794 1411 958 1489 tempora
979 1419 1071 1478 con·

32 1489 212 1583 serrantur,
238 1493 341 1569 fibris
365 1515 496 1608 nempe
518 1493 712 1568 admodum
731 1495 928 1587 compactis
960 1509 1071 1588 atquo

32 1589 253 1666 consolidatis.
305 1590 471 1686 Chirurgi
492 1592 774 1686 Hypcrsercofin
794 1593 955 1675 vulneris
975 1595 1070 1668 mol·

33 1683 103 1775 len,
124 1689 247 1784 spiritu
281 1691 361 1762 vini
389 1689 582 1764 solidorum
601 1690 757 1766 reddunt
781 1689 981 1766 &vulneri
1007 1687 1070 1766 Ci-

32 1785 175 1861 catricem
218 1787 411 1862 obduuuri
448 1787 602 1862 cundem
638 1785 844 1880 adplicant,
885 1809 954 1864 nec
991 1809 1070 1866 non

32 1882 185 1960 ulceribus
205 1885 422 1960 cachetticu
443 1883 488 1960 ad
509 1883 747 1982 Gangrenam
766 1885 906 1980 pronis.
959 1883 1067 1962 Cete-

32 1997 91 2052 run
115 1981 274 2075 spiritum
302 1983 399 2057 hunc
426 2003 555 2058 omnes
584 1983 755 2059 indurare
787 1980 999 2078 glandulas,
1034 1983 1070 2060 t:

33 2073 241 2171 Poimenon,
270 2079 418 2171 Lienis,
447 2077 626 2173 Honoris,
652 2079 860 2154 Pancrcatis
879 2079 945 2154 dcc.
966 2079 1068 2160 diffe-

33 2169 86 2246 ilio
100 2173 202 2252 docet
221 2179 565 2274 intemperantium,
593 2179 631 2253 in
654 2177 727 2252 hoc
746 2177 941 2272 potionum
957 2199 1068 2274 gene·
1119 2179 1127 2196 '

34 2289 78 2358 re,
98 2277 309 2354 anatomica.
353 2271 429 2352 Cir,
446 2279 507 2350 au.
526 2275 639 2390 Paris.
653 2279 760 2371 1706.
774 2288 815 2350 ut
829 2275 897 2352 alin
913 2289 1066 2358 taccam.

32 2362 125 2446 libris
149 2376 192 2449 ad
213 2373 342 2470 justam
367 2373 522 2468 repailia
546 2375 790 2470 rigiditatem,
816 2373 978 2450 cresccre
1004 2374 1068 2451 da·

32 2463 168 2546 iremus.
220 2469 344 2547 Catuli
360 2469 513 2564 Canunr,
533 2472 557 2547 st
575 2471 718 2546 dorium
738 2473 877 2566 Spiritu
892 2471 1068 2552 Frumen-

33 2561 265 2660 dirueretis,
290 2573 461 2664 simulque
475 2591 556 2663 curn
574 2569 761 2666 degustare
781 2570 959 2644 interdum
979 2573 1067 2653 coe-

33 2663 123 2753 geris,
143 2667 268 2746 tenelli
285 2667 400 2761 hunt,
420 2667 595 2764 pygmei,
616 2667 735 2742 Canes
753 2665 970 2743 melitensem
996 2670 1066 2747 Vi·

33 2753 147 2838 sebatur
179 2785 270 2862 puer
302 2765 434 2862 viginti
465 2785 642 2840 annorum
678 2761 892 2857 Ultrajecli,
927 2767 989 2858 qui
1020 2765 1067 2843 ad

34 2853 184 2940 discessum
206 2863 436 2958 reditumque
453 2863 624 2954 navium,
648 2863 712 2937 ubi
738 2860 883 2958 spiritus
906 2863 1066 2942 frumeu-

33 2951 231 3052 ticopiolius
246 2961 382 3056 semper
398 2960 691 3050 concedebatur,
718 2973 796 3034 erat
816 2957 980 3052 alhduur,
997 2961 1066 3041 sta·

33 3061 192 3153 utrmque
221 3061 349 3135 habuit
375 3059 522 3134 oiienni
548 3071 831 3154 competentem.
884 3057 976 3134 Puer
1000 3060 1066 3156 Jo-

33 3143 144 3228 hrnnea
163 3157 278 3247 lirici,
304 3157 594 3247 Hedemorensrs‚
610 3157 735 3250 spiritu
754 3155 924 3232 frumenti
951 3158 994 3232 ad
1015 3155 1064 3232 se·

33 3249 158 3334 utinum
188 3277 322 3331 annum
358 3257 537 3344 nutritus,
566 3255 727 3330 cubitum
752 3274 832 3328 cum
865 3255 1065 3345 quadrante

34 3339 378 3448 ingentibusque,
398 3353 619 3444 ponderatus
636 3375 655 3426 a
673 3351 776 3428 Nob.
786 3351 953 3424 Domino
972 3351 1065 3426 Prar·

34 3435 106 3534 lde,
133 3463 202 3524 tres
222 3453 256 3524 dt
274 3453 403 3548 uiginti
424 3451 553 3526 tenuit.
603 3449 855 3540 Imprudentes
877 3448 986 3543 igitur
1011 3465 1068 3525 tc·

34 3541 150 3620 nuioris
176 3547 280 3623 sortis
307 3551 496 3639 homines,
517 3545 776 3621 Stocltholmiae
802 3545 835 3618 dc
863 3547 972 3638 olibi,
1001 3547 1065 3641 qui

34 3651 210 3720 lectorum
235 3648 329 3721 diem
353 3647 506 3720 adorno
535 3645 594 3718 sua
622 3661 729 3738 atque
758 3645 885 3720 liberis
906 3643 976 3720 elle
1000 3669 1065 3722 co·

34 3749 161 3840 guntur,
187 3745 230 3818 ad
258 3747 326 3819 hos
359 3741 635 3834 exhilarandos,
666 3743 835 3834 cyathum
866 3743 971 3837 huJus
998 3741 1066 3838 spi·
1168 3838 1172 3848 Ι

34 3845 125 3926 utus,
149 3863 241 3933 pane
272 3841 438 3916 immerso
469 3841 719 3916 evacuandum
751 3839 908 3915 tradunt.
971 3839 1065 3916 Non

35 3941 132 4011 tutem
157 3943 299 4018 turbare
326 3961 396 4018 nos
417 3939 671 4110 debensquod
697 3937 852 4036 Spiritus
876 3938 1081 4018 frumenti·

595 4059 616 4114 a
959 4049 1065 4132 pota·
