2640 4744
205 157 528 246 mimmii
552 159 833 256 inurentem
988 181 1061 262 ¹9?

14 363 109 440 quam
136 339 401 420 medicamenta
432 339 512 418 iere
544 339 682 434 querit
713 343 805 432 alia,
829 352 962 440 munte
983 363 1065 440 qu·

12 464 75 536 pre
102 441 185 516 aliis
208 441 363 526 Medico
390 453 432 516 ut
449 439 645 612 plurifirlum
664 439 729 520 usu
748 439 916 518 veniunt.

98 631 217 710 Erant
239 647 357 711 autern
386 634 650 710 medicamenta
675 635 916 727 evacuanda,
940 635 1065 730 preci·

15 755 78 830 pue
94 733 261 810 Ematica
280 731 315 806 dt
337 731 566 824 Cathartica,
590 733 679 808 olim
697 732 832 808 sumine
848 731 1065 828 periculosa,

16 853 54 906 eo
74 831 233 906 manue
258 845 447 926 tempore,
473 851 548 926 quo
578 829 739 906 Tartarus
756 837 930 922 mutuus,
954 830 1065 912 Helle

15 933 102 1004 inrrts
132 932 247 1019 allus,
280 930 492 1018 Murem,
529 931 722 1025 curnula,
761 929 889 1026 Esula,
915 929 1067 1026 Euphor·

16 1031 118 1115 llum,
160 1029 359 1122 Crlrryrnlls
389 1029 530 1122 aliaque
560 1025 740 1119 eiusmodi
777 1029 815 1103 in
854 1023 918 1102 usu
949 1039 1066 1104 erant.

16 1125 229 1218 Propiorurn
244 1124 387 1202 demurn
404 1139 610 1219 temporum
630 1145 674 1198 ea
686 1125 764 1200 laur
782 1121 849 1216 est,
866 1123 965 1218 quud
981 1144 1066 1198 eva·

17 1219 177 1298 cuatoria
194 1223 303 1298 nobie
325 1225 502 1320 elegerint
524 1243 567 1296 ac
583 1221 871 1316 conquiliverint
887 1219 1069 1314 tueiffima,

19 1321 132 1414 qualia
162 1341 210 1394 ex
234 1323 398 1396 enteticia
423 1321 475 1396 est
496 1321 732 1418 Ipecucumbn,
758 1341 805 1394 ex
832 1319 1070 1416 purgantibus

19 1420 281 1506 minumum,
310 1419 505 1494 Hellrinrus
529 1425 641 1512 niger,
659 1419 765 1494 Serena
775 1470 788 1507 ,
805 1417 905 1506 Alei,
918 1413 1073 1532 Jdepnu

20 1517 81 1590 lte.
108 1537 154 1588 ex
182 1514 392 1594 sudoriferia
418 1519 610 1592 Snmduca'ru
629 1515 696 1590 dre.
725 1537 804 1613 qua
825 1535 950 1590 omma
976 1515 1071 1595 adeo
1232 1561 1236 1572 .

21 1617 84 1708 iam
106 1611 188 1687 sunt
216 1629 292 1687 tuta
323 1635 366 1689 ac
391 1613 659 1690 Medicamenta
687 1612 826 1709 quevis
850 1612 943 1702 alia,
974 1609 1074 1708 post·

23 1733 122 1806 qnam
132 1732 179 1782 eo
192 1733 268 1786 rent
278 1711 450 1806 perduruit
463 1711 573 1786 solers
584 1711 816 1788 Medicorum
830 1710 1074 1804 experientia,

22 1827 57 1882 ut
92 1807 183 1884 nihil
213 1831 290 1884 non
327 1809 420 1900 justa
455 1808 553 1898 doli,
587 1823 743 1903 aptaque
775 1809 954 1900 formula,
982 1807 1076 1892 citra

23 1927 162 1983 omnem
186 1929 293 1984 noxa
319 1906 551 1984 formidinem
578 1905 819 1980 adhiberent
844 1905 912 1980 alle
941 1904 1075 1984 intelli·

25 2019 130 2104 gant.-
165 2005 234 2080 Sed
253 2005 350 2100 quod
377 2005 413 2081 in
438 2005 493 2078 hir
519 2019 638 2078 tamen
662 2023 882 2096 magnopere
905 2024 975 2078 noa
994 2021 1076 2078 rno-

25 2119 105 2194 vet,
125 2101 201 2194 est,
224 2103 322 2198 quod
340 2103 513 2198 pleraque
528 2102 656 2176 horum
674 2121 694 2176 a
711 2104 818 2192 terrie
832 2097 1075 2184 remotiffimia

25 2201 87 2276 int
102 2199 324 2292 medenda,
348 2215 391 2276 ut
408 2200 676 2276 Rhabarbarum
702 2219 749 2276 ex
764 2197 873 2288 Sina,
896 2195 1015 2274 Senna
1030 2195 1079 2272 ab
1112 2249 1114 2259 ι

26 2297 263 2388 Alexandria,
281 2298 378 2378 aloe
395 2296 440 2373 de
459 2295 617 2382 Guium,
640 2297 789 2392 Jalappa
802 2317 823 2370 e
838 2295 991 2370 nlexlco
1008 2295 1077 2374 ue.

28 2395 129 2489 idque
153 2395 204 2468 ita
229 2395 395 2489 quidem,
428 2407 470 2470 ut
498 2415 545 2470 ne
569 2397 709 2470 mendico
741 2409 805 2470 aut
830 2389 978 2492 ulliffinu
1003 2391 1080 2468 cui·

28 2515 91 2586 que
114 2493 175 2568 alil
199 2495 322 2588 prima
351 2493 519 2571 evacuari
543 2492 614 2565 vie
644 2489 743 2586 polle
769 2491 984 2582 credantur,
1014 2489 1080 2570 nili

28 2591 295 2668 medicamentis
322 2605 394 2669 tam
434 2589 739 2685 proculumque
775 2590 862 2664 ear'o
896 2587 1078 2677 adradis,

29 2709 104 2762 cum
132 2703 252 2764 tamen
283 2705 387 2768 certo
424 2687 533 2763 nobit
562 2687 859 2784 persuadeamus,
890 2686 1082 2782 purgantia
1238 2723 1240 2728 v

29 2787 200 2877 ejusmodi
227 2805 328 2882 aeque
359 2783 429 2864 elie
453 2784 553 2862 dumi
577 2783 751 2881 parabilia
775 2783 874 2862 acin
894 2783 1001 2859 terrie
1021 2803 1080 2858 ua·

31 2905 131 2979 quam
151 2885 251 2961 alibi.
487 2989 509 3078 ς
571 2980 612 3056 V

119 3077 310 3158 Laudabili
334 3079 489 3158 omuino
511 3034 584 3175 iarn
611 3034 745 3152 dudum
777 3073 945 3150 instituto
974 3069 1083 3168 pleri·

34 3201 97 3272 que
118 3178 292 3294 iiuropei
323 3177 640 3294 orbintl’rincipaa
666 3173 857 3348 1⁸(ssth
875 3169 1085 3286 exstruxere

34 3279 194 3370 publiea,
219 3277 281 3350 ubr
306 3275 493 3350 meserrrmt
522 3297 565 3350 ac
590 3287 709 3369 egente
750 3291 799 3345 rnr
827 3287 983 3366 quique,
1007 3285 1084 3352 eer-

35 3386 77 3448 te
94 3373 256 3468 alioquin
279 3372 426 3448 inaurire
447 3387 556 3466 atque
576 3370 745 3446 interitus
768 3367 947 3456 ulaine,
973 3362 1085 3460 gratia
1233 3387 1234 3392 ¹

37 3485 203 3548 curantur
220 3469 543 3566 sustentanturqne.
594 3465 728 3562 Neque
751 3465 895 3542 minora
922 3483 968 3538 ex
995 3481 1085 3558 pre·

38 3569 129 3644 claro
147 3569 220 3646 hoe
236 3567 403 3646 instituto
417 3563 612 3647 commoda
635 3563 670 3638 dr
692 3563 915 3642 incrementa
931 3561 1086 3636 Meden-

37 3667 70 3738 di
91 3688 146 3744 rra
174 3667 292 3762 cepit:
317 3665 452 3764 quippe
475 3663 605 3742 nullibi
628 3661 781 3755 melius,
809 3681 915 3756 quarn
940 3657 979 3734 in
1005 3655 1087 3731 No·

40 3756 200 3844 loenmiie
227 3763 431 3864 eiusmodi,
464 3763 620 3840 maxime
652 3757 714 3836 ubi
748 3759 956 3856 conplures
985 3753 1088 3832 fimnl

39 3876 108 3938 uno
135 3861 338 3960 eademque
365 3861 404 3942 in
427 3861 581 4032 murbqr
589 3858 675 3957 egri
708 3855 938 3952 decubuere,
969 3849 1089 3964 obser·

607 3977 629 4050 5
1004 3967 1083 4026 ran
