2786 4938
271 107 348 242 ,cl
563 133 705 216 cuna
739 133 1040 216 ornarunt.

276 315 400 398 salu&
419 337 535 408 acres,
552 341 599 394 ex
616 317 735 406 oculis
753 320 814 391 vel
838 317 986 393 naribus
1009 319 1211 411 plorantes,
1223 317 1298 392 md·

276 415 456 511 leginibua
493 417 635 495 casdem
680 417 871 489 furemur:
915 415 1085 490 amittunt
1128 415 1250 513 quippe
1271 413 1304 486 lic

264 515 413 608 uuores
437 511 493 587 isti
517 516 591 588 vim
614 514 895 603 corrodentem,
920 512 1064 606 quando
1082 513 1142 587 his
1176 511 1303 586 inriluti
1348 571 1349 582 r

277 611 324 688 ad
353 611 480 705 justam
507 615 717 708 rediguntur
744 610 1027 688 consistentiam:
1086 609 1190 684 Dum
1214 605 1304 682 Cum

278 706 356 801 lue,
385 709 562 784 irritando
588 731 717 800 renes,
741 722 903 783 ureteres
921 723 983 781 aut
1003 707 1185 798 vesicam,
1209 709 1310 801 produ·

279 809 333 882 cit
356 807 524 895 dolores,
543 808 705 881 lenimen
729 801 889 881 afferunt
903 803 1091 880 acconem
1112 807 1257 892 Althaeae
1271 823 1310 876 ce

278 917 438 996 teraeque
458 903 706 998 mucilagines.
758 903 801 978 In
820 903 1052 992 Raucedine,
1070 899 1311 993 tumultu

280 1001 315 1078 δι
332 999 561 1097 stranguria,
584 1001 800 1091 Malvacea,
818 1000 986 1093 Caricas,
1009 1001 1211 1076 Gummate
1224 997 1307 1072 &Ge

279 1097 411 1176 latinas
428 1098 567 1191 optime
588 1099 625 1172 in
643 1097 742 1174 usum
758 1099 899 1189 vocari,
917 1098 998 1192 quis
1016 1098 1194 1195 ignorat?
1219 1091 1307 1200 Quill

281 1198 380 1292 quod
410 1218 538 1272 omncs
567 1212 705 1272 meatus
729 1212 898 1272 enatura
932 1197 1110 1272 obdustos
1143 1193 1215 1270 esse
1242 1191 1311 1264 vide

280 1313 362 1370 mus
390 1317 521 1383 muco,
556 1316 602 1369 ne
632 1295 694 1368 vel
723 1296 872 1369 minima
903 1291 1076 1369 sentiatur
1112 1289 1313 1370 Acrimonir.

281 1391 369 1474 Hoc
388 1392 485 1466 enim
503 1391 671 1482 absente,
690 1389 1015 1467 innocentissrmun
1038 1389 1253 1486 ceteroquin
1265 1387 1315 1459 sac·

280 1491 428 1564 charum
450 1485 649 1564 denudatae
671 1491 837 1565 corrodit
866 1491 1078 1586 papillulas,
1104 1488 1314 1577 doloremque

276 1587 444 1676 excitat,
469 1585 528 1662 cui
553 1585 814 1685 praesentiiiime
831 1587 1021 1662 medentur
1037 1587 1200 1660 mucosa.

375 1685 552 1788 Modum,
581 1708 655 1780 quo
674 1686 786 1760 solida
803 1689 985 1775 lubricant,
1018 1683 1159 1760 indicat
1184 1679 1315 1758 fontem

284 1781 391 1856 corio
419 1789 590 1877 paratus,
608 1784 757 1877 plurim
778 1783 984 1879 expositus,
1023 1805 1130 1876 quern
1159 1803 1181 1854 e
1216 1795 1314 1858 manue

284 1879 395 1956 instar
417 1879 597 1974 Anguillae
624 1882 798 1971 mucosae,
822 1882 915 1955 elabi
935 1880 1166 1975 experientia
1185 1876 1313 1951 testatur.

386 1976 540 2052 sntsn
560 1995 726 2074 penetrant
744 1979 873 2066 fluida3
906 1979 944 2053 in
963 1979 1162 2074 particulas
1189 1969 1314 2050 infinito

283 2073 355 2152 sese
380 2075 604 2168 dividendo,
631 2079 682 2152 ita
710 2077 902 2153 miscentur
923 2098 1004 2150 curn
1027 2077 1253 2168 liquoribus,
1279 2079 1313 2152 ut,

285 2177 312 2251 fi
331 2175 477 2249 unicum
497 2173 576 2247 salis
600 2195 747 2270 granum
771 2176 808 2249 in
828 2197 927 2269 aquae
945 2175 1048 2248 dolio
1067 2173 1253 2254 soluetur,
1272 2165 1315 2238 i·
1348 2205 1349 2246 z

282 2273 378 2444 fflae
400 2273 549 2365 guttulae
576 2274 725 2346 eandem
749 2271 828 2348 salis
855 2271 1064 2367 portionem
1086 2268 1314 2370 adipiscuntut·
1348 2259 1349 2290 ¹

327 2365 394 2441 aud
429 2367 627 2460 iniucunde
653 2384 754 2463 patet
784 2369 950 2444 salsorum
981 2369 1131 2458 intima,
1171 2385 1239 2460 qua
1258 2356 1315 2434 rdt·
1348 2393 1349 2454 l

286 2484 381 2558 quos
403 2460 546 2558 sapores
568 2461 803 2561 exsuperant,
829 2465 886 2542 vis
903 2467 1140 2562 penetrandi,
1167 2467 1248 2537 dum
1264 2471 1315 2566 etl·
1348 2513 1349 2532 r

286 2586 370 2640 nem
405 2564 465 2637 vel
493 2563 605 2657 pisces
633 2565 821 2639 condituri
847 2567 884 2640 in
910 2565 1018 2639 doliis
1043 2561 1226 2637 Cerevisra
1254 2555 1323 2630 ullu

288 2660 450 2752 onustis,
475 2663 624 2738 muriam
649 2664 808 2758 undique
831 2665 1022 2738 stillantem
1053 2662 1240 2748 videmus3
1263 2645 1315 2756 vui·

288 2781 376 2857 gut,
412 2760 472 2833 cui
497 2761 623 2856 ignota
650 2761 702 2835 est
730 2762 937 2857 penetratio
963 2760 1108 2852 salium,
1138 2750 1313 2835 hocador

288 2875 389 2933 ratur
414 2858 695 2952 plraenomenon.
759 2857 853 2932 Salsa
877 2857 1024 2931 irritant
1055 2859 1089 2930 da
1123 2851 1317 2952 promovent

290 2956 544 3043 excretiones,
569 2955 649 3032 sunt
672 2957 940 3051 aphrodisiaca,
965 2955 1141 3029 diuretice
1167 2949 1317 3028 &stone
1348 2961 1349 3004 1

290 3049 412 3126 chicat
439 3050 498 3125 scd
520 3054 545 3127 sr
570 3055 704 3129 diutius
730 3056 767 3128 in
790 3054 961 3150 sanguine
983 3054 1210 3141 retinentur,
1235 3035 1317 3148 enit

291 3151 371 3245 ejus
396 3165 560 3242 mutant,
593 3153 893 3246 quemadmodum
924 3153 962 3226 in
994 3150 1176 3226 Scorbuto
1208 3143 1316 3219 everri·
1348 3199 1349 3208 r

291 3249 391 3325 Hinc
416 3249 637 3324 diluentibus
663 3251 895 3344 temperanda
923 3251 957 3324 dr
982 3264 1086 3420 moga
1110 3232 1316 3345 expellendo

292 3347 538 3439 vehiculoque
566 3347 751 3445 indigent,
789 3370 870 3422 cunr
905 3370 970 3442 per
995 3347 1031 3421 su
1059 3365 1160 3422 orem
1189 3353 1249 3418 aut
1269 3345 1318 3404 un

293 3467 373 3520 nam
391 3447 492 3518 exire
511 3465 587 3518 nou
612 3445 762 3539 poffint,
786 3446 849 3520 nisr
875 3444 1012 3520 suerint
1034 3446 1162 3520 soluta.
1348 3425 1349 3460 ¹

392 3542 515 3615 Solida
536 3546 730 3640 abstergunt.
783 3542 819 3616 Si
841 3564 969 3618 mucor
993 3544 1029 3617 in
1048 3539 1188 3616 excelsu
1206 3529 1316 3632 pecul

256 3645 260 3656 ‘
294 3641 419 3714 omnia
446 3639 479 3712 dr
512 3639 696 3735 inprimis
728 3640 761 3714 dt
789 3639 952 3715 secundis
976 3639 1049 3715 viis
1073 3651 1242 3733 torpent,
1269 3635 1318 3718 qis

294 3741 332 3816 in
359 3736 439 3810 casu
459 3737 542 3810 salsa
568 3723 885 3814 eidem‘solvendo
908 3738 1007 3832 paria
1031 3739 1120 3835 sunt.
1170 3735 1316 3823 saponel

295 3836 358 3936 qui
389 3835 436 3910 ad
458 3833 508 3910 sui
533 3839 840 3933 preparationem
864 3833 913 3911 sel
935 3837 1147 3931 requirunt,
1172 3823 1320 3988 indiczffi
