2688 4752
257 153 329 226 126
376 143 753 224 FUNDAMENTA
785 143 1234 227 ORNITHOLOGICA.

254 327 346 402 Dtre
363 327 528 422 Jacquin.
556 325 712 400 Pelecano
730 326 910 424 Pisrutare,
929 327 1033 420 cujus
1053 327 1168 404 ambit
1185 331 1303 410 collum

255 447 376 501 aneus
399 424 577 512 annulus,
620 423 801 515 piscantur
829 423 1049 517 Chinenses‚
1093 427 1303 505 &sexcenta

255 525 337 597 alia.
392 524 577 598 Pennarum
593 521 675 594 usus
690 523 734 594 ad
757 522 880 596 literas
900 522 1098 598 exorandas
1116 523 1185 598 dac.
1232 529 1302 600 Plu·

255 645 382 697 marum
413 621 456 694 ad
477 621 646 693 culcitras
673 619 707 691 u
731 620 937 711 pulvinaria
964 621 1169 716 opplenda3
1201 624 1303 697 excel·

255 722 338 794 lunt
356 721 394 792 in
413 718 468 791 his
485 718 611 790 Anates
627 717 818 814 molliffirna.
1164 773 1171 782 .

355 814 619 891 PRAESAGIA
657 818 864 889 Oeconomico
893 815 938 888 ab
961 815 1092 890 avibus
1109 819 1216 911 plura
1237 818 1302 910 peti

256 913 423 1010 poliunt:
449 914 566 985 Gallus
580 928 689 987 cantu
702 911 879 986 ruricolas
894 928 996 985 certo
1014 913 1213 989 &definito
1226 931 1301 988 tern-

256 1035 364 1108 pore,
376 1010 521 1084 circiter
543 1011 579 1086 h.
592 1033 625 1103 3.
651 1010 684 1082 u
702 1033 738 1099 4.
760 1011 953 1099 matutina,
970 1013 1227 1108 expergefacit,
1252 1015 1300 1086 iis·

257 1133 328 1204 que
348 1107 455 1183 instar
478 1107 663 1204 horologii
688 1107 752 1181 est.
808 1108 984 1181 Motncilla
1000 1114 1074 1182 alba
1096 1111 1299 1201 adveniens,

257 1207 459 1282 comitante
476 1203 580 1276 hoste
598 1206 660 1278 suo
678 1207 814 1279 Falcone
831 1205 1032 1280 Tinnunculo
1041 1259 1054 1295 ,
1073 1209 1222 1302 primam
1233 1209 1299 1280 Ger·-

256 1311 440 1384 minationis
456 1301 559 1378 diem,
576 1305 754 1376 enuntiat.
809 1307 952 1378 Catulus
970 1328 1108 1379 canorus
1128 1307 1191 1379 suo
1206 1321 1299 1379 cantu

256 1403 356 1478 veris
375 1401 519 1476 initium
543 1398 657 1494 prima
683 1401 934 1496 Frendesrentie
957 1403 1017 1475 die
1040 1406 1236 1491 exclamat,
1259 1417 1299 1474 at·

258 1523 331 1596 que
353 1497 619 1573 amoenillirnum
644 1497 728 1572 anni
755 1510 897 1592 tempus
921 1498 980 1571 die
999 1501 1181 1593 postrema
1203 1498 1301 1597 Greffl·

251 1605 418 1694 pearsonis
435 1597 560 1670 ultima
574 1616 671 1669 voce
693 1595 839 1671 claudit.
870 1595 1021 1692 Ampelis
1038 1601 1204 1672 Garrulus
1220 1611 1302 1680 rnen:

258 1697 328 1771 sem
350 1699 580 1788 Cmgelatienr‘s
597 1693 746 1767 indicat.
799 1695 976 1768 Emberiza
998 1701 1124 1770 nivalis
1141 1693 1300 1770 intenhili·

258 1814 353 1868 marn
375 1794 540 1886 hyemem
567 1790 631 1866 suo
650 1791 695 1864 ad
712 1812 782 1866 nos
807 1791 968 1865 adventu
991 1793 1167 1890 praehgit.
1213 1795 1300 1867 Piri·

259 1898 334 1967 thur
354 1897 505 1964 ethereus
522 1906 648 1964 nautas
664 1888 857 1964 stationem
880 1889 974 1963 intra
990 1889 1179 1986 Tropicos
1195 1891 1300 1978 docet,

260 1989 295 2064 a
314 1990 516 2063 Procellarie
532 1987 670 2086 capenfis
688 1989 983 2082 promontorium
1001 1988 1165 2082 Capense
1182 1991 1218 2064 in
1232 2007 1300 2082 pro·

259 2090 399 2184 pinquo
420 2086 568 2160 indicat.
622 2088 993 2182 Procellariapelagicn,
1007 2085 1165 2163 instante
1183 2103 1300 2179 tempe·

258 2185 349 2260 state
368 2206 511 2278 proram
526 2184 749 2278 puppimque
767 2203 967 2277 occupans,
986 2187 1168 2280 procellas
1183 2186 1300 2280 impen-

259 2284 387 2357 dentes
418 2279 589 2375 praesagit.
645 2283 771 2354 corvus
795 2284 915 2353 Cornix
943 2283 1091 2376 respicit
1113 2282 1233 2357 sedens
1254 2279 1301 2352 nd·

259 2379 400 2461 versum
428 2393 602 2468 ventum,
636 2378 785 2471 ejusque
811 2379 883 2451 hoc
909 2382 1021 2453 modo
1048 2382 1147 2455 viam
1174 2381 1299 2456 edocet.

260 2477 375 2551 Larus
394 2475 589 2572 parafitieus
611 2469 757 2568 Clupeae
779 2475 940 2572 Harengi
960 2478 1162 2553 exercitum
1182 2477 1299 2574 prodit

261 2575 379 2668 Mergi
398 2576 572 2670 piscatores
596 2573 710 2668 pisces
732 2573 775 2646 ad
795 2574 892 2667 ripas
910 2591 1059 2672 cogunt.
1115 2583 1236 2652 Cunus
1256 2577 1301 2648 Co·

259 2697 324 2748 tax
340 2671 516 2747 cadavera
530 2672 737 2776 animalium
752 2673 790 2746 in
806 2672 904 2747 filvis
918 2671 981 2748 suo
995 2676 1156 2751 clamore
1170 2674 1300 2752 indicat.

678 2847 713 2935 s.
763 2840 900 2916 xmn.

359 2957 493 3052 Neque
523 2958 684 3034 minores
707 2961 876 3036 omnibus
904 2959 1169 3056 propemodum
1198 2963 1302 3036 huma·

262 3056 320 3134 nis
346 3056 499 3132 sensibus
525 3058 871 3132 VOLUPTATES
900 3059 1075 3132 afferunt:
1103 3061 1234 3155 quippe
1254 3077 1303 3152 pa·

261 3156 408 3231 scuntur
431 3152 588 3227 OCULI
609 3157 726 3229 aureis
753 3156 928 3251 pittisque
957 3157 1080 3230 avium
1103 3157 1228 3232 formis
1250 3147 1303 3228 mi·

262 3277 341 3330 rum
371 3254 409 3327 in
433 3253 580 3326 modum
610 3253 771 3327 variatis.
834 3255 941 3327 Unde
965 3256 1080 3328 Ardea
1101 3249 1304 3352 pavonina&

270 3356 384 3447 Virgo,
402 3373 488 3425 aves
505 3351 651 3424 maximi
676 3351 806 3445 pretii,
843 3353 1056 3448 Magnetum
1081 3355 1124 3427 ad
1154 3351 1304 3426 ornitho-

263 3451 357 3545 phea
393 3446 584 3544 magnifice
616 3450 827 3522 exornanda
859 3472 904 3523 ex
937 3451 1063 3543 Africa
1098 3452 1133 3525 u
1165 3451 1304 3524 Oriente

264 3546 487 3635 afferuntur,
514 3547 548 3618 a
571 3549 742 3634 Pavones,
761 3547 909 3643 Regina
926 3549 1048 3622 avium
1067 3553 1215 3644 gemmis
1238 3544 1305 3619 stel-

263 3645 699 3719 lantibusneminemnon
717 3645 760 3718 ad
776 3645 957 3738 stuporem
975 3646 1307 3734 admirationemque

263 3741 511 3832 stimulantes,
537 3742 573 3816 in
589 3740 752 3817 Aviariis
771 3744 916 3818 aluntur
934 3745 967 3817 u
983 3745 1190 3840 diliguntur.
1239 3741 1306 3814 Tro·

264 3847 362 3930 cliii,
387 3841 518 3916 florum
536 3840 658 3918 aeder
677 3841 906 3936 haurientes,
931 3843 1027 3937 quasi
1042 3841 1202 3920 deaurati
1209 3892 1238 4014 h
1246 3839 1308 3931 spe·

257 3985 266 3996 -
1241 3952 1307 4010 ato·
