2770 4752
121 181 128 196 ·
229 159 353 262 usus
380 171 638 261 ursrouua
661 183 974 264 urrunnun.
1024 205 1131 281 ¹421
1253 149 1257 162 '

69 363 500 462 proiepstoaplaritarunr
525 364 689 442 credunt.
741 339 859 472 Quarta
880 341 1073 442 ue‘ceff'aria
1090 363 1133 440 lit

68 462 193 538 iniitio
214 461 379 557 Pyruruur
398 463 607 538 Malorumue
626 462 664 537 in
681 479 846 538 truncum
870 463 1009 536 arboria
1017 463 1131 558 [ulut-
1250 505 1255 527 ι

60 561 149 658 flrir
162 563 280 646 actia,
299 559 433 656 pluries
447 559 668 636 inculcatum
684 559 756 646 ellr
774 581 821 636 eo
843 561 939 636 enirn
954 558 1131 652 efficitur,

67 674 111 734 ut
131 657 281 752 nequid
301 657 508 732 detrimenti
537 661 657 753 capiat
680 657 783 734 radix
806 658 851 731 ab
875 655 1018 754 hyemis
1033 657 1132 731 'vio-

68 759 205 846 lentia,
229 775 370 850 neque,
406 754 504 850 quod
531 755 658 852 saeplua
686 753 890 850 contingit,
914 753 1133 831 corrodatur

68 877 91 929 a
111 855 272 930 Muribus
290 853 518 958 terremur,
545 875 637 948 quoa
651 855 765 956 ignari
779 852 937 930 scientia
956 851 1132 930 naturalia

68 951 306 1028 confundunt
326 971 408 1026 corn
424 949 565 1048 Talpis.

168 1179 238 1256 Sed
269 1197 350 1256 curn
378 1181 440 1256 hic
475 1181 590 1256 sermo
610 1181 652 1258 lit
674 1181 720 1257 de
752 1181 943 1256 arboribus
972 1177 1132 1260 fmuua

67 1281 146 1368 ris,
173 1301 249 1353 non
273 1279 409 1374 polium
436 1301 513 1354 non
541 1279 579 1354 io
600 1281 818 1356 raemoriarn
841 1301 1019 1356 revocare
1046 1279 1132 1354 hor·

66 1377 221 1454 tensium
249 1379 464 1452 arborum
496 1375 809 1468 frequentiffirnam
844 1379 1086 1454 calamitatem
1111 1399 1134 1452 a

65 1473 256 1552 Lautus
277 1463 616 1550 INSECTORUM
644 1477 802 1564 illatam,
828 1498 907 1572 quae
925 1475 1131 1572 anormala

66 1569 315 1648 destruunt&
344 1571 432 1646 folia
461 1571 629 1648 &flores
652 1573 687 1646 u
709 1573 863 1662 fruitus,
902 1575 1032 1670 quibua
1065 1571 1133 1647 ob·

65 1669 170 1744 viaiu
204 1669 256 1743 ire
287 1693 396 1744 uento
426 1671 534 1745 facile
563 1672 748 1764 potuerit,
780 1671 844 1748 ulfi
887 1673 948 1768 qui
982 1670 1133 1746 noverit

66 1765 225 1856 inlatio,
244 1789 443 1859 eorumque
464 1769 794 1862 metamorphosim,
820 1771 1014 1860 nimirum,
1039 1787 1132 1862 quo·

54 1853 186 1943 'modo
216 1866 292 1940 hec
321 1867 491 1961 pleraque
520 1878 687 1960 ternpore
717 1867 912 1943 autumnali
943 1867 1133 1960 deponant

66 1965 133 2040 sua
147 1983 220 2036 ova
239 1961 444 2038 infuturum
460 1963 700 2038 calamitatem
717 1965 879 2048 arborisr
898 1955 932 2036 br
948 1963 1008 2054 qui
1030 1959 1132 2038 sunul

67 2059 289 2158 perspeuam
314 2059 483 2136 habuerit
506 2059 779 2154 respirationem
811 2059 1047 2154 iusetiorum,
1062 2091 1066 2097 ¹
1083 2077 1131 2132 ex

30 2197 32 2204 v
69 2181 145 2254 qua
160 2159 397 2254 intelligitur,
415 2179 479 2232 cur
495 2157 718 2234 suffocentur
735 2159 887 2249 oleosrtt
911 2155 1131 2250 sciveritque

68 2257 262 2350 quomodo
278 2257 503 2352 capiantura
520 2259 666 2346 Cauiis,
682 2255 794 2332 &ubi
808 2257 845 2332 lri
856 2270 1053 2332 venatores
1063 2252 1131 2328 lar·

67 2375 201 2428 varum
217 2375 343 2428 carues
360 2353 542 2448 copiosius
559 2354 758 2448 acquirant.
808 2353 922 2449 Sunt,
939 2353 1001 2450 qui
1026 2351 1129 2426 fumo

68 2455 209 2526 volunt
224 2453 406 2545 expellere
421 2453 539 2525 larvas
559 2473 581 2524 e
602 2451 672 2526 sols
690 2455 902 2544 arboribus,
928 2450 1130 2532 nescienter

70 2548 225 2624 effebus
253 2548 341 2622 furui
375 2550 411 2626 in
438 2550 599 2646 plantat,
643 2549 750 2624 &fic
775 2551 954 2626 medicina
980 2563 1131 2622 utuntur

70 2647 154 2742 ipio
171 2647 303 2720 morbo
320 2647 411 2742 sape
432 2647 571 2742 pejore.
622 2643 692 2724 sed
715 2647 863 2743 reliquia
879 2645 1021 2743 praestat
1044 2657 1131 2718 ante

70 2747 224 2820 vernale
260 2758 402 2836 tempus
434 2742 604 2818 summurn
639 2757 813 2822 truncum·
837 2745 984 2843 cingere
1011 2739 1129 2816 linteo

68 2843 297 2942 pinguedine
318 2843 448 2918 Phocae
464 2840 611 2918 rancida
628 2841 806 2920 immerso.

137 3104 140 3120 ·
172 3073 420 3150 Plantrtiouea
444 3075 573 3163 varie,
599 3097 676 3168 que
702 3073 913 3150 a'ruricolis
938 3071 1130 3150 instituun-

68 3191 158 3263 tur,
182 3172 347 3268 plurirois
373 3172 546 3246 obnoxia
569 3170 650 3247 suot
671 3173 934 3247 calamitatibus
959 3172 1009 3246 ob
1028 3171 1131 3268 igno·

66 3269 228 3350 tantiam
250 3267 430 3358 scientiae,
460 3265 563 3362 q'uarrr
588 3271 822 3346 laudavirirus.
877 3263 1132 3344 LUPULETI

66 3371 216 3446 cultura
251 3367 361 3442 bodie
394 3366 760 3464 estirequentillirna,
799 3366 858 3443 sed
887 3389 964 3444 non
996 3365 1133 3457 ubique

65 3465 280 3544 feliciffinra.
334 3461 529 3540 Vastiffirna
549 3467 708 3559 lupuleto
724 3465 815 3562 sepe
829 3461 1053 3540 revirescunt
1067 3479 1133 3558 per

66 3564 207 3660 uiginti
234 3583 370 3650 annos,
406 3583 475 3638 nee
497 3561 652 3638 fruelum
682 3563 805 3639 ferunt
831 3563 963 3650 ullum,
1000 3559 1060 3653 qui
1092 3559 1132 3634 io
1249 3631 1254 3640 ,
1353 3633 1361 3646 ,

66 3659 194 3760 groffo
216 3663 407 3734 lllucorero
427 3661 633 3748 contrahit,
658 3645 909 3756 corrumpitur*
926 3660 960 3734 bt
980 3659 1133 3732 exsrc'ca·

66 3777 145 3835 tur.
198 3757 359 3832 Catullum
376 3758 582 3850 conjiciunt
599 3761 734 3832 rurales
753 3760 790 3834 in
811 3780 930 3834 rorem
949 3757 1132 3843 melleum,

67 3879 186 3954 quera
215 3856 261 3930 de
293 3857 388 3942 caelo
418 3855 796 4050 delapsussdcgedm
855 3855 1134 4024 Zoolognatzrg
