2770 4752
275 203 347 280 4³2
431 154 557 260 osus
582 177 842 258 insromn
866 177 1184 273 notumne·

549 357 722 436 CAPUT
751 357 1054 440 SECUNDUM.

370 569 505 652 AVES
525 575 686 652 {imiliter
707 477 1052 652 viouni'secunoom
1073 587 1212 652 nattam
1233 577 1334 652 ordi·

275 695 359 752 nem
383 678 620 772 regulasque,
656 695 803 766 quarum
831 689 996 748 naturam
1018 673 1163 766 noscat,
1192 677 1335 752 ncceffc

276 773 349 862 est,
376 773 436 866 qui
458 795 504 846 ex
521 795 608 846 cura
628 771 767 845 illarum
792 771 947 846 redimm
972 771 1139 865 expetlat
1156 772 1336 850 Oecono·
1381 789 1382 798 ‘

273 890 365 948 ntus.
415 871 577 966 Anseres,
601 870 830 945 stintroeant
845 869 1012 958 hortum,
1037 870 1163 961 ibique
1181 873 1334 970 Petrpse-

275 975 377 1043 linum
392 982 562 1064 carpant,
587 967 902 1042 facillimeotnnes
918 981 1128 1060 enecantur.
1180 969 1336 1044 Pulchre

275 1067 384 1141 etiam
416 1066 454 1140 hi
478 1066 673 1162 abiguntur
698 1066 742 1138 ab
767 1067 881 1161 agris,
919 1063 984 1138 filo
1011 1064 1239 1142 horizontali
1265 1067 1333 1142 cir·

274 1163 475 1255 condetis,
499 1162 598 1258 quod
620 1183 697 1237 non
720 1161 997 1251 transcendunt3
1027 1165 1334 1256 quemadmodum

273 1283 344 1337 nec
370 1267 469 1336 Ceroi
485 1259 723 1357 sepimentum
741 1260 987 1354 superfiliunt,
1027 1259 1178 1336 fifilum
1195 1262 1335 1357 superi·
1381 1331 1382 1370 ᾖ

273 1381 339 1434 ora
363 1361 441 1452 ejus
467 1360 599 1455 tingat.
703 1393 707 1406 ·

369 1459 524 1531 Pelecono
539 1459 697 1554 piscatore
729 1466 879 1548 quantas
903 1453 1030 1546 copias
1057 1452 1207 1548 piscium
1233 1458 1332 1550 capi·

272 1565 337 1630 ant
353 1553 571 1644 Chinenses,
595 1554 766 1628 annulum
792 1553 891 1624 collo
914 1553 992 1644 eius
1017 1551 1250 1642 injicientes,
1272 1577 1332 1628 res

273 1650 325 1726 est
343 1667 389 1725 ert
408 1651 602 1726 itinerariis
618 1649 805 1726 notissima.
840 1647 959 1722 Pouet
972 1649 1064 1721 idem
1080 1648 1218 1723 institui
1234 1652 1334 1747 apud

271 1749 414 1840 nos,fi
443 1751 618 1824 Pelecanrrs
646 1751 747 1823 Corio
768 1745 972 1821 mansuetus
1000 1744 1235 1841 redderetur,
1267 1751 1331 1842 qui

272 1841 381 1921 etiarn
403 1849 503 1942 capit
523 1847 659 1943 pisces,
690 1844 989 1939 quemadmodum
1014 1845 1125 1918 Lutra
1145 1844 1207 1918 illa
1233 1846 1333 1942 apud

271 1943 514 2040 Jonstonum,
552 1945 630 2038 quae
647 1944 684 2018 in
709 1943 857 2032 Suesia,
892 1965 912 2016 e
939 1941 1076 2036 piscina
1098 1941 1253 2016 adduxit
1278 1947 1333 2039 pi·

270 2043 345 2118 sees
367 2044 404 2118 in
426 2045 594 2118 culinam.
649 2044 786 2118 Gallina
810 2039 1001 2115 mansueta
1023 2039 1057 2112 n
1077 2037 1237 2115 detentae
1263 2065 1332 2138 per

269 2141 416 2236 longam
435 2141 602 2234 hyemem
611 2165 630 2229 ‚¹
654 2141 820 2214 Pedicolr'r
843 2139 944 2232 sepe,
959 2135 1244 2230 construuntur,
1280 2140 1332 2216 ast

269 2253 407 2312 natura
423 2237 570 2314 scientia
588 2236 769 2327 imbutus,
797 2237 883 2331 quid
905 2236 1012 2328 Piper
1034 2236 1176 2322 valeat,
1199 2239 1330 2316 novit.

271 2337 442 2412 Pavonum
459 2357 533 2410 ova
550 2333 678 2410 frustra
695 2333 946 2429 supponuntur
966 2331 1120 2407 Gallinis
1137 2329 1333 2426 fovenda,

270 2455 352 2508 cum
368 2435 577 2529 prodituros
591 2435 710 2528 pullos
723 2433 776 2505 hae
793 2433 889 2505 alere
900 2445 1094 2524 nequeant.
1138 2431 1217 2535 Qui
1235 2455 1329 2508 vero
1380 2489 1381 2494 a

268 2529 337 2604 hos
352 2534 514 2628 integros
528 2531 697 2622 servabit,
707 2545 850 2618 caveat,
867 2527 1221 2604 neflores'deciduos
1234 2535 1328 2607 Soror·

268 2631 343 2702 bnci
361 2645 530 2724 carpant,
554 2629 683 2723 quibus
709 2628 947 2713 occiduntur,
981 2647 1082 2719 eque
1103 2647 1146 2700 ac
1170 2625 1329 2704 Gallina
1380 2697 1381 2700 a

270 2729 421 2802 Sambatai
438 2727 570 2800 baccis.
614 2729 867 2824 Gallopooonum
885 2725 1026 2820 pullos,
1050 2724 1110 2816 qui
1129 2723 1325 2814 educabit,

268 2822 377 2912 sciat,
399 2824 483 2918 quid
509 2827 626 2899 Urtico
640 2825 711 2898 illis
727 2823 915 2913 conserat,
936 2819 1094 2914 quidque
1109 2825 1206 2918 Cepo.
1244 2826 1325 2900 Per·

123 2979 129 2990 .
267 2927 352 2996 dices
377 2922 483 2996 facile
503 2921 644 3016 capiat,
673 2921 734 3015 qui
760 2919 910 2994 noverit
931 2939 1052 2992 earum
1076 2919 1154 2992 vias
1183 2917 1253 2994 sub
1275 2922 1326 2996 ni·

266 3040 337 3107 ve3
354 3019 389 3093 dt
404 3021 538 3094 Rartom
552 3024 682 3114 Cregem
700 3019 806 3094 facile
822 3017 958 3092 alliciet
975 3015 1131 3110 pectine,
1149 3017 1216 3110 qui
1235 3017 1326 3094 didi·

269 3117 321 3190 cit
338 3120 415 3210 ejus
434 3115 557 3194 sonum
576 3116 722 3191 imitari.
765 3116 961 3213 Lasciuos,
980 3115 1086 3188 miras
1104 3135 1218 3208 aves,
1239 3117 1328 3192 faci·

92 3263 107 3298 s
266 3217 302 3288 le
329 3214 530 3309 prehendet
557 3216 686 3303 vivas,
723 3213 784 3307 qui
810 3212 854 3287 ad
877 3212 1033 3286 radicem
1059 3211 1230 3306 arboris,
1264 3213 1330 3288 nbi

266 3311 475 3398 cantillant,
509 3313 601 3387 retia
631 3311 758 3406 ponit,
798 3321 994 3404 captasque
1023 3308 1155 3383 deinde
1183 3312 1330 3386 nutriet

267 3411 353 3484 ovis
369 3409 610 3500 Formicornm,
629 3423 865 3502 quamtum
880 3405 1063 3481 consultus
1084 3407 1331 3500 copiosislime

268 3507 437 3604 colligat,
464 3507 590 3584 everso
607 3507 636 3581 F
638 3507 853 3580 ormicarum
872 3525 1007 3580 acervo
1024 3503 1086 3578 sub
1104 3500 1180 3578 sole
1194 3509 1330 3585 calen-

266 3615 327 3694 te,
352 3605 538 3681 inumbra
565 3620 684 3681 tamen
708 3601 899 3678 artificiali.
953 3603 1103 3677 Falcones
1126 3605 1328 3698 capiuntur

266 3699 306 3777 in
323 3700 481 3796 Alpibus
501 3703 678 3778 Columba
697 3702 902 3792 volitante,
927 3698 1013 3778 dum
1028 3699 1157 3776 totos
1170 3699 1327 3778 Excubi-

265 3815 317 3874 tor
343 3799 481 3874 indicat
502 3799 673 3878 Falconis
699 3799 907 3878 adventurn·
1006 3867 1014 3876 .

1187 3971 1227 4066 s
1285 3965 1332 4044 u.
