2740 4740
270 239 318 318 68
396 225 789 308 OPOBALSAMUM
820 221 1197 306 DECLARATUM.

265 413 453 509 giieadenfis
471 405 664 484 AMYRIS
683 405 784 479 foliis
799 397 955 478 ternatis
980 403 1245 500 integerrimis,
1277 424 1340 497 pe-

481 507 647 582 dunculis
669 504 835 578 unifloris
854 503 1074 576 lateralibus.

387 629 531 704 Habitat
558 625 596 698 in
621 622 758 698 Arabia
780 621 891 696 felici.
924 627 961 726 ⁴5

355 825 359 830 ,
386 748 515 823 Frutex
556 741 664 816 ramis
683 740 1102 835 subpurpurascentibus,
1121 738 1342 836 substriatis,

554 837 706 942 gemmis
730 839 1065 931 protuberantibus.
1104 859 1110 872 ·

387 967 482 1042 tutu
552 985 572 1034 e
598 947 747 1059 gemmis
773 961 961 1048 conferta,
994 961 1190 1052 petiolata,
1215 975 1342 1038 terna-

549 1074 609 1150 ta,
631 1058 757 1132 laevia:
781 1058 920 1131 foliolis
939 1057 1127 1146 seffilibus,
1148 1060 1342 1156 integerri-

549 1157 640 1248 mis,
660 1157 897 1245 lanceolatis,
921 1156 1170 1230 acutiuscuiis:
1207 1159 1342 1252 impari

548 1257 660 1351 paulo
676 1257 835 1348 majore,
862 1253 1339 1332 cuneiformi-tanceotato.

273 1423 275 1428 f
388 1379 503 1454 Floras
548 1396 593 1447 ex
615 1373 742 1446 iisdem
765 1361 938 1468 gemmis,
965 1373 1059 1445 inter
1083 1373 1194 1463 folia,
1218 1380 1360 1478 terni:⁴

495 1463 503 1476 ’
548 1473 747 1546 Pedunculr't
792 1471 972 1564 propriis,
1014 1471 1203 1564 unifloris,
1239 1475 1339 1548 folio

550 1569 799 1657 brevioribus,
821 1568 962 1640 inferne
980 1569 1178 1664 vaginatis:
1198 1575 1341 1648 brattea

548 1663 798 1755 minutiffima,
825 1663 1009 1739 subbifida.

392 1788 497 1881 calyx
553 1783 839 1876 monophyllus,
874 1783 1183 1875 hemisphericus,
1207 1788 1339 1881 laevis,

462 1932 465 1938 ·
548 1879 864 2054 gzrffiientatus:
886 1881 1056 1956 dentibus
1074 1884 1239 1976 remotis,
1255 1888 1340 1962 bre·

391 2101 535 2175 Corolia.
577 2099 695 2173 Petale
711 2119 755 2188 4,
783 2098 966 2190 emptica,
994 2098 1124 2173 semna.
1177 2101 1339 2197 Recepta·

547 2201 656 2292 culum
682 2196 814 2268 discum
844 2197 945 2270 floris
971 2220 1178 2290 occupans,
1203 2203 1339 2296 margi-

546 2307 694 2382 natum,
723 2314 948 2384 concavum,
972 2296 1244 2390 purpurascens.

389 2411 548 2484 Stamina.
601 2410 780 2486 Filamenta
796 2422 839 2500 8,
862 2411 1044 2503 subulata,
1069 2414 1292 2507 brevissima,
1313 2439 1337 2494 e

545 2509 767 2598 receptaculi
788 2511 947 2604 margine
964 2527 1065 2585 otta:
1092 2516 1248 2588 Anthene
1266 2520 1336 2590 ob·

545 2604 798 2700 longiuscula,
837 2609 930 2700 quast
965 2632 1010 2683 err
1038 2610 1180 2686 duobus
1213 2616 1336 2708 cylin-

544 2701 618 2778 dris
642 2704 817 2800 coalita,
833 2705 980 2798 erebia,
1006 2709 1123 2786 flava.

387 2820 568 2918 Pisttttum.
604 2822 740 2898 German
754 2829 988 2918 receptaculo
1007 2829 1219 2921 immersum,
1234 2832 1335 2913 intra

546 2921 682 3012 calycis
700 2923 870 2997 fundum:
899 2929 1014 3019 stylus
1028 2929 1257 3023 longitudine
1272 2957 1334 3009 ca·

546 3019 662 3111 lycis,
679 3023 1085 3117 conico-cylindricus,
1102 3049 1332 3124 purpureus,

544 3119 671 3210 Stigma
692 3119 982 3194 obtusruscuium.

364 3253 454 3328 Haec
483 3255 613 3351 igitur,
647 3257 786 3333 diversa
820 3260 871 3334 est
903 3264 947 3336 ab
974 3263 1103 3358 Amyri
1131 3269 1332 3351 Eiemifera

267 3351 528 3546 §angaris-ima,
557 3377 636 3448 quae
659 3358 750 3432 folia
778 3360 914 3435 habent
935 3381 1102 3458 trenam,
1134 3369 1210 3444 haec
1234 3395 1331 3450 vero

268 3464 345 3524 rnte
371 3472 513 3530 errrma.

364 3567 487 3640 Habet
515 3567 592 3642 baec
621 3569 743 3646 nostra
766 3573 808 3646 ad
832 3596 988 3670 gemmas
1019 3603 1200 3659 ramorum
1228 3589 1332 3663 rudi·

264 3677 409 3748 menta,
440 3668 500 3738 vel
526 3665 653 3743 dentes
676 3669 847 3761 obtusos,
882 3675 942 3766 qui
976 3680 1079 3768 apice
1112 3684 1332 3774 aperiuntur

264 3761 305 3836 in
326 3760 439 3852 folia,
466 3763 499 3835 sa
522 3765 653 3854 flores,
683 3769 775 3841 adeo
793 3770 906 3844 resana
923 3773 1114 3854 balsamina
1131 3780 1331 3882 saturatos,

261 3872 306 3936 ut
330 3859 399 3938 hac
423 3859 500 3935 fere
520 3862 668 3938 obdunt
689 3867 894 3944 videantur.

1240 4005 1332 4102 Opa-
