2786 4938
319 229 444 312 USUS
474 223 786 316 MUSCORUM
1008 253 1082 348 379

99 393 215 485 'e'
345 433 381 468 ··
468 421 502 510 §.
552 415 633 492 XII.

121 545 498 626 POLYTRICHUM
513 551 634 648 Ursus,
646 552 688 624 ad
705 547 832 625 ledum
846 547 908 622 fibi
923 551 1083 648 perhye·

24 671 118 724 mem
140 649 344 724 dormituro
366 647 613 738 sternendum,
629 649 782 742 colligit.
833 645 891 720 Ex
915 651 986 726 hoc
1008 651 1083 724 for·

25 765 61 822 te
88 745 236 820 edodius
253 745 404 838 Lappo,
439 751 552 821 ledum
576 747 609 820 u
623 749 776 841 stragulo
801 765 821 820 e
846 745 1084 842 Polytriciw,

24 845 209 920 radicibus
227 844 450 934 intertexto,
477 845 581 937 pollis
606 844 714 918 instar
729 839 774 917 de
796 857 890 918 terra
907 844 1083 938 detrauo,

25 944 88 1018 sibi
109 941 281 1030 coniicit,
316 940 457 1016 ubisub
478 941 540 1016 dio
567 941 699 1038 frigido
720 941 936 1035 pernodiuns
962 947 1087 1020 calore

25 1041 162 1116 fruitur
184 1039 345 1134 placidos
373 1039 485 1113 -Norr
508 1041 660 1114 referam
688 1061 878 1134 pauperes,
893 1047 1088 1137 puluinaria

26 1139 88 1212 sua
105 1137 234 1212 muscis
258 1137 471 1230 implentum
496 1159 567 1212 uec
588 1143 754 1224 Sriurum,
774 1139 893 1211 cubiie
913 1137 1009 1213 suum
1027 1161 1086 1212 ro·

26 1237 182 1310 turudum
214 1235 248 1306 dr
277 1236 499 1310 concinnum
528 1235 611 1308 inde
646 1235 864 1332 fingentem,
888 1241 965 1310 'nec
992 1237 1123 1310 Auru*

25 1337 220 1430 plerasque
240 1333 348 1406 nidos
365 1333 451 1404 inde
469 1333 741 1424 construentes,
781 1335 864 1407 ovis
894 1335 1087 1408 excludens

26 1433 85 1504 dis
105 1431 284 1525 pullisque
298 1429 686 1525 fouendiseptiffimos.
738 1431 925 1506 Adducam
945 1431 1089 1506 SPHA·

28 1529 107 1603 GN
113 1529 192 1602 UM
209 1531 373 1624 palustre,
397 1530 502 1604 curris
529 1531 742 1622 Lapponum
769 1529 1090 1606 adcommodatiffi·

28 1649 157 1716 mum,
195 1648 270 1720 quo
295 1627 512 1722 Lappooes‚
556 1643 628 1700 tom
658 1628 779 1700 linteis
807 1649 910 1720 quam
937 1629 1092 1722 parribus
1217 1693 1235 1708 ,

28 1725 219 1813 destituti,
235 1723 380 1815 infamer.
391 1723 650 1808 firoerooliiter
670 1727 855 1799 fovendos
871 1728 1093 1814 involvuute

27 1825 106 1898 hoc
133 1824 229 1896 euim
247 1823 387 1896 urinam
407 1821 594 1914 absorbet,
622 1824 907 1916 quoduiia'noo
931 1823 1092 1900 efficiunt

29 1921 275 1996 vestimenta:
315 1920 571 2028 Flor.·⁴Luppon.
590 1927 623 2014 §.
641 1945 675 2012 4.
696 1943 751 2012 15.
804 1937 810 1970 ³

130 2067 164 2142 i:
184 2064 480 2142 LYCOPODIO
497 2073 623 2150 clavato
643 2069 835 2147 &annotino
844 2075 970 2166 storeas
980 2071 1094 2149 coufi-

30 2169 140 2246 ciunt
158 2166 360 2256 nostrates,
381 2165 436 2238 :ad
465 2166 655 2240 introitum
681 2171 807 2242 aediom
841 2170 1006 2260 quotidie
1030 2191 1095 2262 po·

30 2267 196 2355 mendas,
224 2265 355 2358 quibus
378 2263 624 2360 abstergantur
641 2263 767 2344 eai'cei.
818 2265 998 2341 BRYUM
1017 2275 1097 2362 byp-

28 2369 166 2448 rror'drs,
194 2363 344 2436 culcitra
374 2364 475 2436 velut
498 2363 691 2450 naturalis,
720 2360 900 2438 seffionem
928 2367 963 2438 iu
983 2365 1096 2440 cauti·

29 2465 105 2537 bus
121 2461 220 2536 duris
237 2459 355 2532 'reddit
368 2461 585 2538 molliorem.
638 2461 1097 2560 FON'1'1NA1,13anupy-

30 2567 142 2636 retiru
174 2559 248 2632 vim
270 2555 385 2643 habet
416 2557 677 2646 admirandam,
715 2583 818 2652 quom
852 2562 939 2634 scire
969 2580 1100 2636 omnes

32 2653 226 2732 architeffi
252 2646 284 2726 ἃ
314 2653 404 2730 fabri
428 2657 597 2743 murarii,
637 2658 746 2750 inque
776 2656 935 2731 odio'ciis
963 2657 1099 2732 exstrn·

34 2753 144 2830 endis
178 2753 370 2826 observare
395 2751 580 2828 deberent.
642 2755 712 2826 Hic
740 2755 835 2828 euim
863 2757 1000 2828 museus
1024 2756 1100 2828 for·

30 2851 207 2938 naribus,
222 2851 280 2922 uel
298 2871 412 2942 prope
433 2851 607 2943 parietem
625 2853 840 2942 collocaris,
864 2855 923 2928 vel
948 2853 984 2928 in
1010 2873 1100 2926 con·

29 2951 266 3046 tignationes
288 2947 489 3038 superiores
521 2949 670 3034 eredis,
705 2949 1104 3044 circumposrtrrs,¹igrri

31 3051 135 3124 adeo
159 3045 305 3120 fortiter
328 3045 464 3140 residit,
484 3060 544 3136 ut,
566 3049 587 3120 sr
607 3047 667 3120 vel
684 3065 793 3140 rupto
813 3051 979 3140 camino,
1007 3049 1103 3144 ignis

29 3147 82 3220 ad
113 3145 270 3234 parietes
293 3159 479 3239 pergeret,
503 3146 601 3221 nulla
620 3145 718 3218 foret
736 3145 877 3220 exustio
894 3147 1101 3222 metuenda.

27 3241 225 3322 BRYUM
249 3247 381 3330 rurale,
411 3241 508 3334 quod
535 3247 614 3318 teiio
636 3241 778 3332 nostru,
814 3243 989 3338 imprimis
1018 3243 1103 3318 stra·

24 3337 344 3429 minea'vetustu,
363 3339 512 3432 copiose
530 3356 708 3432 occupat,
736 3341 905 3436 quodque
924 3345 1016 3416 adeo
1036 3340 1104 3416 sol·

27 3443 146 3519 licite
175 3458 195 3509 a
224 3436 363 3510 rusticis
397 3437 597 3525 everritur,
626 3461 672 3510 ne
697 3441 926 3531 putredinem
957 3439 1103 3522 inferar,

26 3555 213 3633 magnum
252 3555 398 3627 quoque
436 3533 546 3613 habet
582 3534 691 3610 usum.
759 3537 915 3612 Omnem
944 3538 1104 3612 muscum

29 3655 173 3728 aquarn
190 3633 383 3708 retinendo
407 3653 542 3706 nocere
559 3649 687 3727 putant
712 3631 853 3708 rustici:
886 3637 945 3712 sed
971 3659 991 3708 e
1016 3655 1106 3710 con·

28 3733 160 3808 trario
181 3731 312 3804 tedium
338 3729 564 3804 stramineum
587 3733 657 3805 hoe
677 3728 801 3806 museo
827 3733 1024 3810 obduiium
1051 3733 1105 3806 in-

26 3833 150 3925 tegio
178 3828 323 3902 durabit
352 3827 493 3916 iecu103
524 3827 663 3902 muscus
688 3831 806 3919 enim,
832 3833 1018 3908 humidum
1043 3853 1104 3904 ex·

23 3926 241 4020 sorbendo,
252 3925 651 4029 poeedioemiorpedit.
662 3931 686 4030 (
688 3927 769 4006 Iter.
781 3933 908 4010 Seruio.
914 3920 1107 4106 pag-163³
