2724 4746
232 51 283 153 ss
365 45 769 152 neumnensium·
783 42 1155 156 nncnsnntun.

232 248 333 322 taque
359 251 401 302 ao
429 231 554 319 primis
580 233 818 328 temporibus,
840 230 920 307 sunt
943 228 1105 306 obscura.
1155 221 1318 322 Nuper

232 327 330 426 onim
346 327 532 420 innotuit,
557 330 655 422 quod

357 423 505 506 Gummi
529 425 670 517 Eleon,
697 428 865 520 Bnrfarr‘a.

295 613 300 624 ι
529 523 687 618 Anime,
716 524 899 618 Hymetton.

279 615 282 624 ¹
327 693 334 706 ,
381 698 386 707 ,
422 689 431 700 .
533 617 699 715 Copaiva
719 620 896 718 Cupoifhrn.
948 619 1073 710 Jacqu.

531 715 680 792 Anisum
699 717 906 804 Stellarum,
930 717 1085 788 silicium.

531 815 787 908 myrobalani,
815 815 926 887 Ponet.
978 810 1091 885 ered.

531 913 649 988 Ainis
669 913 755 1012 lign.
777 911 888 986 Ficus.
938 907 1093 997 Rumpit.

532 1009 720 1097 Rhenum,
758 1009 896 1081 Ursaria.
946 1005 1102 1095 Rumpit.

532 1105 738 1192 Rhodium,
762 1097 971 1198 Aspainrins.
1022 1103 1169 1176 Brown.

531 1202 754 1296 Massagetis,
785 1205 968 1274 Sousarmia.
1017 1198 1115 1292 Jecq.
1146 1227 1156 1260 r

334 1294 403 1369 Sed
427 1301 470 1372 acl
488 1297 590 1372 huno
611 1321 724 1391 usqne
751 1297 845 1370 diem
875 1295 1071 1388 Myrtilis,
1112 1288 1314 1368 Balsamus

242 1393 475 1481 Pomanus,
501 1395 645 1470 Gummi
664 1394 926 1481 Ammoniarum,
956 1391 1099 1466 Gummi
1124 1394 1313 1477 Carmine,

243 1487 391 1562 Gummi
413 1491 578 1585 Myrrha,
617 1491 762 1564 Gummi
794 1493 977 1576 Mallium,
1012 1487 1157 1560 Gummi
1190 1489 1311 1578 Saga-

236 1597 368 1682 penzcm,
389 1584 541 1680 Lignum
554 1587 779 1684 Asinariam,
797 1585 949 1681 Lignum
962 1585 1184 1664 Femnmlrasi,
1204 1585 1313 1675 Opo-

242 1681 416 1774 balsnmnm
433 1683 467 1755 ἂ
483 1706 560 1776 quae
575 1686 677 1776 plura
693 1683 796 1774 sunt,
823 1703 900 1756 non
923 1683 1005 1754 satis
1031 1680 1127 1754 rotie
1152 1699 1312 1772 eogno-

242 1773 400 1853 scuntut.
449 1779 603 1872 Nullum
625 1781 723 1856 enim
737 1778 962 1874 vegetabile,
987 1779 1309 1873 ignoratogerrere,

243 1870 300 1960 ἀ,
342 1895 420 1966 que
452 1876 605 1950 inferior
640 1876 713 1966 est,
748 1878 876 1976 spatie,
914 1876 985 1948 rite
1019 1873 1312 1968 cognoscimusa

242 1965 343 2044 Nam
372 1972 527 2048 consulis
557 1973 771 2070 generibus,
807 1970 982 2046 confundi
1009 1973 1132 2044 omnia
1154 1967 1311 2044 neceffe

243 2063 308 2140 est.
358 2067 414 2140 Ex
428 2092 559 2164 genere
572 2073 705 2160 Plantae
718 2089 941 2166 congeneres
957 2068 992 2142 δι
1009 2067 1167 2142 Ordines
1191 2081 1308 2140 natu·

244 2163 339 2236 tales
369 2163 631 2260 dignoscimus:
667 2182 793 2238 natura
820 2168 914 2238 enim
940 2166 1063 2238 saltum
1090 2185 1166 2238 nnn
1191 2163 1305 2239 lacit.

245 2259 345 2333 Hinc
365 2264 473 2335 etiam
499 2261 822 2349 Matoustana,
844 2261 932 2340 eN.
959 2261 1007 2340 D.
1036 2261 1180 2334 Prelide
1205 2282 1307 2336 con·

245 2353 393 2441 stituta,
432 2357 567 2447 species
604 2359 858 2453 vegetabilium
891 2357 959 2432 suis
994 2379 1153 2452 quasque
1185 2378 1306 2452 gene-

246 2451 348 2562 ribus
371 2451 610 2528 subneiiendo
635 2475 831 2550 perennem
855 2455 990 2548 ubique
1018 2453 1121 2529 nebia
1144 2453 1196 2530 eli
1215 2455 1303 2549 glo-

248 2569 350 2622 tram.
612 2573 635 2626 ο

331 2645 740 2737 OPOBALSAMUM,
763 2646 860 2740 quod
873 2649 951 2722 aliis
966 2645 1096 2720 dicitur
1110 2648 1305 2740 Balsnmum

254 2744 392 2831 Verum,
432 2747 615 2842 Berisamum
644 2746 843 2840 Gileadensa‚
882 2747 1066 2838 Berisamum
1092 2747 1129 2816 da
1153 2745 1303 2838 Macra,

249 2841 434 2935 Bassaniam
449 2841 756 2938 prastsntiffirnam,
782 2841 876 2916 inter
901 2841 1159 2916 medicamenta
1180 2842 1301 2914 maxi·

247 2957 307 3010 rna
332 2950 438 3030 atque
461 2937 664 3012 admiranda
685 2938 815 3010 merito
842 2953 1067 3023 numeratur,
1081 2959 1115 3010 a
1129 2960 1201 3029 quo
1223 2959 1300 3030 po-

248 3031 322 3105 stea
338 3032 474 3121 Refinae
494 3033 610 3109 liuidae
626 3054 669 3108 ae
689 3035 886 3129 fragrantes
903 3049 1111 3110 mutuantur
1132 3055 1299 3125 nomen,

249 3141 292 3202 ut
308 3129 487 3204 Balsamus
507 3132 760 3219 persistamus,
787 3130 1038 3225 eompassus,
1064 3129 1300 3224 Tolutanus,

251 3224 380 3318 &qua
393 3228 472 3302 sunt
488 3229 607 3320 plura,
625 3248 694 3302 nee
712 3248 786 3302 non
803 3227 957 3304 Balsama
975 3228 1115 3304 tandem
1126 3227 1299 3304 Medico-

250 3324 802 3419 samartificaliaueomposrta.
1173 3363 1178 3372 ·

347 3422 422 3496 Pro
445 3422 578 3496 ceteris
599 3443 689 3496 vero
714 3423 882 3496 omnibus
905 3421 1182 3516 opobalsamum
1204 3421 1297 3496 erni-

249 3532 336 3607 net,
361 3531 469 3610 atque
493 3519 651 3612 oprimis
674 3541 785 3612 usque
809 3519 1031 3612 temporibus
1051 3519 1196 3592 maximi
1221 3521 1300 3594 fuit

247 3616 378 3712 pretil;
416 3616 578 3691 laudatur
612 3615 743 3692 dudum
772 3638 793 3690 a
820 3614 1094 3709 Theophrasto,
1126 3615 1159 3688 u
1191 3615 1299 3694 dein·

248 3733 334 3811 ceps
358 3735 378 3789 a
398 3711 637 3808 Dianense,
662 3713 781 3796 Plinio
809 3712 1055 3790 &Veteribus
1073 3715 1151 3790 sere
1177 3713 1298 3885 linfiu-

934 3867 939 3878 .
1255 3834 1298 3901 S,
