2724 4746
258 281 307 358 34
520 247 728 326 nonnus
761 245 1044 344 cunmnms.

275 429 390 511 llari
414 449 506 506 vero
525 426 608 504 usus
631 427 683 504 est
705 426 747 502 C.
770 433 894 504 aulana
915 429 1001 508 huic
1025 448 1200 530 cognata,
1231 435 1308 512 fru-

275 531 363 606 .ilu
379 529 506 625 nigro,
534 527 631 601 dulci
657 525 691 599 dt
715 525 810 600 haud
834 549 915 601 raro
941 532 1170 622 verminos0‚
1198 551 1308 626 quarn

302 626 472 722 inpugna
489 624 639 698 Attiana
655 621 835 698 debellato
852 625 1087 719 Mithridate,
1110 629 1308 705 Cerasunte

303 727 393 800 urbe
408 724 517 798 Ponti
534 721 686 796 Romam
706 723 826 796 attulit
842 723 985 798 rediens
1000 724 1182 802 Lucullus.
1232 728 1306 801 Re.

302 822 409 916 lique
427 841 517 892 vcro
535 817 671 912 species
686 817 748 892 dio
764 835 870 892 antea
884 818 1041 916 Europe
1057 824 1305 900 innotuerant

352 912 637 998 CRATAEGUS
649 913 739 990 Aria
753 909 897 1013 (Orci),
908 919 1012 1012 cujus
1026 918 1159 996 semina
1174 941 1195 993 c
1209 923 1308 1016 peri·

257 1017 383 1113 oarpio
413 1029 576 1104 exenta,
607 1008 770 1088 seruntur
796 1014 834 1088 in
862 1015 1071 1116 siccioribus
1095 1017 1211 1108 locis;
1240 1020 1311 1096 ubi

255 1117 362 1206 dein,
385 1126 515 1205 utpote
538 1109 726 1205 indigena,
748 1110 856 1186 facile
877 1110 1075 1187 succrescit

350 1210 555 1286 Arboribus
583 1206 661 1296 his,
692 1208 832 1300 hyemis
856 1210 930 1282 vim
954 1212 1185 1302 quantumvis
1211 1211 1306 1286 sum·

278 1369 283 1378 .
350 1329 470 1395 marn,
495 1301 770 1394 sustinentibus,
800 1307 980 1380 accedunt
1001 1322 1064 1382 aut
1086 1308 1309 1403 tepidiorem

275 1451 278 1460 ·
351 1421 495 1491 auram,
522 1415 584 1473 aut
606 1400 813 1476 calidiorem
836 1403 1049 1499 flagitantes.
1099 1407 1187 1496 Ille,
1198 1409 1308 1500 juxta

351 1500 507 1596 parietes
525 1497 699 1590 serendo,
716 1498 891 1574 &contra
908 1500 1077 1578 summum
1092 1503 1204 1599 frigus
1217 1523 1305 1600 pry-

277 1667 281 1672 .
351 1595 534 1692 tegendae,
560 1607 601 1670 ut
625 1595 824 1670 incolumes
847 1597 1052 1692 persistant,
1079 1601 1160 1676 sunt

89 1761 98 1778 ‚
254 1691 458 1774 PRUNUS
481 1689 677 1767 Armeniaca
695 1689 893 1790 (Apricos).

253 1785 576 1872 AMYGDALUS
600 1787 730 1884 Persico
751 1785 937 1887 (Perfice).

255 1933 271 1952 .
388 1927 402 1944 ·
522 1924 537 1946 ·
598 1895 769 1961 communis
789 1881 983 1985 (Maurici).

254 1983 432 2064 MORUS
455 1992 491 2058 ni
530 1979 785 2080 a(Muiibiir).

252 2083 389 2162 VITIS
407 2011 549 2176 uinifcio
563 2081 584 2176 (
591 2079 801 2172 Winranito).

302 2182 369 2256 Hae
387 2182 423 2256 in
438 2183 523 2254 ioco
538 2177 656 2254 calido
675 2201 739 2272 per
756 2181 921 2273 hyemem
940 2176 1305 2276 conscenderunt

252 2275 435 2356 CITRUS
455 2277 587 2366 Medico
606 2270 774 2370 (Citron).

251 2417 267 2436 ·
320 2417 336 2434 ·
384 2415 398 2432 ·
445 2374 646 2448 Amantium
667 2362 914 2466 (Punrraarts).
1039 2394 1042 2400 ’

249 2468 452 2562 LAURUS
469 2474 583 2544 nobilis
604 2467 766 2566 (Liger).

249 2569 394 2644 ricus
409 2573 523 2642 carim
534 2560 678 2663 (Fiim)
693 2589 770 2661 quae
784 2562 971 2646 noviiiima
986 2570 1177 2647 commode
1186 2570 1304 2652 etiarn

297 2665 338 2742 in
361 2668 451 2740 ceila
466 2665 656 2758 hybernat.

646 2757 904 2836 FRUTICES.

273 2929 278 2938 ,
346 2857 485 2936 RIBES
518 2861 654 2932 rubrum
679 2859 713 2932 dt
736 2865 843 2935 album
862 2859 978 2955 (Rara
1000 2868 1054 2940 oclr
1072 2867 1173 2939 hwite
1199 2861 1301 2941 Win-

249 2951 351 3050 tar),
381 2957 480 3052 quod
504 2957 680 3030 malleolis
702 2955 809 3030 facile
833 2979 900 3051 pro
929 2971 1062 3055 agatur.

276 3137 279 3146 .
345 3053 437 3130 RlB.
456 3062 584 3149 nigram
596 3053 750 3146 (Sourta
769 2979 943 3146 Wntass,
957 3058 1064 3131 ramis
1080 3057 1192 3157 magis
1207 3082 1300 3158 pro·

245 3149 1202 3346 titillanti{illumiretlin
1227 3255 1301 3332 νοι

424 3304 433 3322 ·
892 3299 905 3338 r

244 3349 394 3446 glabro,
420 3349 522 3420 luteo
544 3347 605 3420 vel
620 3345 731 3420 rubro
746 3347 883 3437 variat,
909 3347 1188 3442 precedentium
1212 3353 1297 3427 imi-

245 3461 342 3524 tatur
366 3444 537 3518 indolem.
598 3439 666 3528 Hir
690 3441 941 3518 adnumeratur
965 3449 1146 3540 praecipua
1173 3449 1300 3526 varie·

245 3555 300 3620 tae
331 3541 369 3616 in
402 3543 512 3614 horto
539 3540 719 3615 Botanico
754 3541 887 3630 obvia,
913 3543 1016 3637 cuius
1040 3543 1174 3619 fruitus
1201 3567 1298 3622 eon·

243 3639 351 3716 stanti
377 3637 456 3732 iege
485 3637 621 3732 didymi
646 3637 747 3732 suut,
771 3638 1070 3732 quemadmodum
1090 3641 1299 3720 inLONi-

244 3735 376 3811 CERA
396 3741 541 3832 aipigena
562 3735 615 3812 fit.

336 3833 396 3908 De
426 3833 568 3928 singulis
594 3833 649 3910 his
673 3832 821 3909 Ribium
843 3833 1029 3929 speciebus
1054 3833 1297 3926 observatur,

240 3931 363 4106 guod,
387 3949 460 4028 quo
477 3929 603 4030 sepius
619 3933 946 4037 transplantautur,
968 3955 1015 4010 eo
1029 3938 1146 4031 major
1164 3935 1298 4106 effic

257 4049 298 4106 fu
333 4052 385 4108 us·
1275 4075 1300 4098 ⁸
