2640 4744
229 199 355 310 =nr
503 179 810 273 numerurm
836 177 1117 274 mmmm.

281 375 362 450 vari
385 375 586 452 &describi
611 376 781 468 morbus,
814 385 923 472 atque
945 375 1123 469 explorari
1141 377 1228 450 varia
1242 397 1299 451 nc·

283 476 593 567 dicamentorum,
625 474 807 570 precipue
835 473 1068 569 fimplicium,
1105 473 1157 546 vis
1183 477 1298 562 potuit:

282 575 444 665 itemque
471 595 516 648 ex
542 573 765 668 inspeiiione
792 588 1064 661 emortuorum,
1088 571 1191 645 sicubi
1211 573 1299 647 medi·

281 685 445 745 cemcnta
465 672 559 744 haud
577 671 746 765 prospere
768 669 1015 759 successerint,
1052 668 1191 744 effebus
1213 670 1298 743 inter·

279 791 348 842 nus
371 769 488 841 morbi
512 770 684 864 indagari.
735 768 827 842 Satis
853 783 1078 861 compertum
1102 766 1169 856 est,
1193 779 1299 860 quanta

282 867 462 960 ejusmodi
488 869 524 941 in
550 868 646 982 locis·
666 889 747 941 cum
773 865 970 940 affiduitate
992 866 1026 938 dt
1046 864 1297 956 circumspeiiio-

280 987 349 1052 ne,
382 965 578 1038 recentiori
605 987 708 1055 evo,
740 964 1086 1040 medicamentorum
1114 961 1298 1038 effebusad

278 1063 454 1156 liquidum
477 1064 556 1137 sunt
581 1062 753 1155 perdudii.
996 1133 998 1138 .

376 1159 467 1234 Eum
486 1182 632 1254 quoque
651 1160 686 1234 in
710 1159 842 1251 finem,
870 1157 968 1254 quod
989 1159 1050 1234 bic
1071 1159 1197 1244 babes,
1218 1158 1252 1232 L.
1269 1158 1296 1230 li.

278 1257 511 1354 opusculum,
540 1257 680 1353 aggressr
708 1259 846 1347 sumus,
879 1279 953 1354 quo
978 1257 1025 1332 fic
1054 1257 1205 1330 Medicis
1231 1258 1298 1328 uste·

231 1432 233 1438 .
277 1360 357 1432 rior
374 1357 489 1446 aliqua
507 1355 791 1430 subministretur
804 1356 907 1445 ansa,
933 1357 970 1428 in
988 1355 1217 1428 Nosocomiis
1233 1355 1298 1428 Pur·

274 1461 407 1549 gentio,
428 1453 640 1544 potiffimum
659 1458 825 1544 indigena,
844 1455 1061 1526 accuratiori
1081 1453 1298 1546 experimento

278 1551 539 1646 cognoscendi:
569 1565 608 1624 ut
624 1551 735 1623 variis
755 1549 957 1644 praescripta
977 1573 1019 1623 ac
1041 1565 1177 1624 tentata
1191 1550 1297 1623 formu·

275 1649 344 1737 lis,
382 1670 450 1740 qua
475 1647 575 1722 dosrn
605 1649 763 1741 aliasque
788 1647 1097 1737 circumstantias,
1137 1644 1297 1739 aliquando

276 1747 411 1820 certius
440 1745 690 1835 innotescant,
716 1767 791 1820 non
815 1746 887 1820 stne
911 1746 1035 1842 infigni
1063 1747 1224 1839 pauperis
1245 1747 1297 1838 pse·

275 1843 413 1918 becuiae
438 1846 659 1918 levamento.
723 1843 867 1918 Etenim
903 1866 961 1917 res
994 1842 1045 1919 est
1082 1866 1155 1916 non
1186 1837 1296 1914 minimi

276 1942 371 2037 apud
423 1965 491 2014 nos
536 1942 712 2015 momenti
758 1942 951 2031 invenire,
996 1943 1066 2034 qua
1116 1939 1296 2036 potissimum

275 2041 421 2114 ratione
448 2040 710 2113 medicamenta
745 2061 821 2113 non
851 2060 983 2132 magno
1016 2037 1185 2131 parabiiia
1211 2039 1297 2128 vulgo

277 2139 559 2230 conquirantur,
589 2139 771 2232 praecipue
804 2157 870 2222 ea,
905 2135 1078 2230 queusu
1114 2136 1295 2229 quotidiano

273 2238 445 2324 veniunt,
460 2237 662 2329 cujusmodi
681 2236 833 2309 omnino
851 2233 930 2309 sunt
944 2235 1153 2330 purgantia:
1172 2233 1295 2308 maxine

272 2357 356 2408 cum
388 2346 488 2406 tanta
521 2334 558 2405 in
592 2332 698 2426 plebe
731 2332 779 2406 nt*
802 2331 990 2406 medicina
1018 2331 1197 2421 formido,
1230 2341 1295 2403 uta

273 2430 581 2522 Pharmacopoliis
596 2430 628 2502 ἃ
641 2431 797 2503 Medicis
811 2429 1077 2526 propemodum
1096 2432 1295 2512 abhorreant,

274 2527 371 2620 quod
399 2548 485 2599 caro
511 2527 639 2616 nimis,
668 2528 702 2600 u
725 2528 823 2602 forte
846 2549 1108 2622 nonnunquam
1126 2527 1213 2602 haud
1228 2527 1295 2597 cim

272 2621 433 2717 iniquam
459 2624 495 2698 in
514 2625 823 2722 Pharmacopoliis
846 2627 1190 2720 lucricupidinem,
1209 2617 1295 2698 medi·

273 2738 437 2798 cementa
460 2725 620 2799 veniant.
671 2723 724 2798 At
745 2745 826 2798 cum
846 2726 948 2818 juxta
974 2724 1127 2799 Medico
1151 2745 1222 2799 non
1241 2717 1294 2792 cui·

268 2823 330 2896 vis
352 2833 451 2895 tanta
479 2823 520 2896 srt
541 2821 733 2897 Botanices
762 2835 870 2916 atque
896 2823 1061 2895 Materiae
1082 2815 1293 2910 Medum

271 2922 435 3013 partibus
462 2921 642 3012 precipue
661 2919 945 3011 obscurioribus,
966 2920 1115 3008 notitia,
1133 2939 1174 2996 ut
1186 2919 1292 3010 semper

271 3017 359 3090 sciat
388 3039 407 3091 a
435 3040 508 3117 quo
538 3018 810 3093 Medicamento
837 3017 1010 3112 indigeno
1034 3021 1294 3110 experimentum

269 3114 412 3208 'capietr
438 3115 595 3188 sessuros
615 3137 684 3189 nos
707 3137 828 3209 operae
849 3117 1003 3208 pretium
1022 3106 1294 3193 existimavimus,

268 3213 293 3288 si
312 3211 507 3304 potiffimas
529 3214 698 3306 quasdam
715 3216 854 3308 plantas
872 3213 1147 3305 exhiberemus,
1169 3213 1212 3288 de
1230 3225 1294 3303 qur·

232 3371 236 3386 .
266 3325 347 3384 'rum
375 3313 546 3407 purgandi
578 3311 615 3384 vi
644 3311 752 3386 nobis
775 3309 856 3384 satis
877 3310 1041 3402 constat,
1065 3311 1227 3405 quamvis
1245 3304 1293 3377 do·

269 3410 311 3482 ss
336 3429 456 3483 earnm
481 3433 605 3506 parum
622 3409 793 3484 hedenus
810 3410 852 3484 srt
869 3411 1069 3504 explorata.
1119 3401 1294 3502 Atquesic·

266 3522 308 3578 ut
326 3507 362 3580 in
381 3506 690 3602 Pharmacopoliis
714 3509 827 3582 multa
850 3506 1016 3604 prostant
1033 3509 1198 3598 exotica,
1216 3517 1294 3576 con·

264 3603 425 3678 inuniter
450 3607 594 3700 quidem
626 3605 836 3702 purganda,
862 3620 900 3677 at
917 3608 1020 3698 juxta
1039 3606 1148 3680 variae
1166 3597 1294 3682 indolis,

266 3715 308 3774 ut
324 3700 476 3777 summus
490 3706 526 3778 in
540 3707 583 3778 iis
602 3704 644 3780 srt
660 3703 882 3777 adhibendus
900 3703 1065 3776 seledius:
1083 3701 1164 3777 sunt
1181 3699 1294 3793 quippe

264 3803 441 3874 nonnulla
468 3803 621 3894 horum,
651 3823 729 3895 que
756 3799 854 3875 simul
879 3813 941 3875 aut
963 3803 1119 3876 calorem
1145 3812 1206 3874 aut
1237 3809 1296 3866 tor·

264 3900 361 3974 mina
401 3902 571 3995 graviora
607 3899 791 3994 excitant,
825 3911 888 3974 aut
922 3901 1041 3975 alvum
1071 3897 1221 4068 striduit
1247 3885 1295 4058 uz}

1213 4009 1268 4066 aar
