2724 4746
212 123 236 224 e
434 106 618 190 morus
644 104 1052 186 rotucrrnssrus

209 293 409 392 particulas
429 290 575 385 quietus
587 286 743 380 relidere
762 287 893 381 audet,
918 309 967 366 ne
989 307 1139 382 aquarn,
1157 303 1273 368 notu

213 391 396 488 perpetuo
414 411 478 481 per
494 389 573 460 vias
590 385 765 462 urinarias
781 385 1060 484 eliminandam,
1083 389 1271 483 impediat.

314 489 433 564 Motus
455 490 540 565 totllr
554 483 708 560 Aridum.
757 483 879 558 Acido
898 485 979 560 sane
999 486 1036 558 in
1053 488 1184 582 primis
1198 487 1273 560 viia

212 577 382 762 llllllr
406 581 1272 776 ”Zitdlbilllllls{gildard‘diildlii}

212 769 408 878 agentibus
424 779 542 856 solent
557 775 626 852 esse
642 777 806 866 molesti,
832 777 997 872 inprimis
1013 780 1073 852 ubi
1096 779 1194 856 limul
1209 777 1272 856 vel

215 879 369 972 majori,
397 899 503 971 quam
521 877 618 950 vires
634 876 721 948 vitat
737 873 985 970 permiserint,
1011 895 1058 950 co
1086 877 1120 950 ia
1142 875 1271 952 vinum

212 965 371 1074 bibunt,
393 975 581 1050 ueletiam
604 973 698 1047 mala
719 969 907 1048 adsumunt
922 973 1029 1064 vina,
1051 899 1177 1048 daune
1191 995 1272 1052 non

213 1095 300 1170 raro
315 1077 599 1166 oenophororum
616 1071 828 1160 adulterata,
845 1093 925 1164 quae
935 1071 1074 1144 acidum
1090 1069 1270 1168 inprimis

215 1171 289 1248 viis
303 1186 501 1268 generant,
527 1171 589 1244 cui
603 1169 661 1242 vis
682 1165 773 1242 inest
792 1167 1094 1264 multiplicativa,
1121 1191 1190 1260 qua
1209 1190 1271 1242 ce·

214 1281 295 1344 tera
311 1269 393 1342 ¹dein
412 1267 581 1342 acescunt
598 1263 745 1360 ingesta.
793 1265 862 1339 Per
880 1279 1000 1340 totum
1019 1269 1117 1342 enim
1142 1267 1270 1344 tubum

215 1364 458 1442 intestinalem
477 1364 619 1438 acidum
637 1363 708 1436 hoc
729 1362 763 1436 se
780 1362 971 1457 dispergit,
996 1386 1195 1456 omnesque
1215 1363 1270 1438 in·

212 1461 428 1575 testinorurn
448 1458 624 1536 eufradius
640 1473 815 1554 permeat,
841 1459 951 1552 inque
967 1460 1272 1544 debiliorumma·

254 1581 293 1647 a,
321 1581 426 1653 quam
441 1559 659 1645 fortiorum,
686 1556 866 1632 intestinis
879 1559 1062 1652 praevalet.
1110 1560 1270 1634 Acidum

212 1579 310 1744 foc,
336 1655 473 1752 semper
498 1677 601 1746 acre,
625 1653 779 1730 rodit&
805 1655 954 1730 vellicat
978 1655 1113 1750 ubique
1134 1655 1268 1746 solida,

214 1751 469 1847 crystallisatur
485 1755 613 1843 facile,
640 1751 730 1828 &in
745 1749 907 1843 viscido,
933 1753 1104 1828 abscido
1122 1775 1271 1850 genera·
1336 1841 1339 1848 ¹

214 1863 282 1946 to,
304 1853 561 1930 concretiones
577 1850 686 1926 efficit
701 1865 894 1944 tartareas,
921 1871 998 1945 que
1016 1849 1270 1966 obstrudiqsi·

213 1949 305 2038 bus,
341 1947 681 2044 Hypochondriafi,
713 1947 978 2043 Arthritidtbus
1009 1949 1043 2022 dt
1071 1947 1269 2024 innumeris

213 2045 318 2120 malis
342 2044 506 2124 sternunt
530 2043 775 2122 fundamenta.
824 2045 1067 2122 intromilium
1084 2069 1175 2120 vero
1197 2045 1269 2120 aci·

215 2143 300 2217 dum
321 2158 428 2238 etque
453 2145 491 2218 in
516 2141 695 2219 intestinis
721 2139 920 2228 radicatum
942 2165 1020 2220 uon
1044 2143 1137 2220 adeo
1160 2143 1269 2220 facile

214 2241 371 2316 tollitur.
401 2240 635 2342 l’raelcribunt
651 2243 695 2313 ad
710 2240 852 2314 acidum
865 2239 1117 2318 eradicandum
1129 2239 1268 2314 Medici

215 2333 460 2412 Absorbentia
485 2336 662 2430 testacea,
686 2337 891 2427 Martialis,
922 2337 1210 2414 Corroborantia
1233 2335 1270 2412 dt

216 2435 358 2508 acidum
376 2433 636 2529 Infringentia,
662 2434 787 2508 tonica
804 2431 959 2528 Amara,
985 2437 1038 2508 uti
1057 2453 1184 2510 cortex
1203 2436 1268 2510 Pe·

214 2531 413 2621 surianus,
437 2531 689 2608 intestinorum
706 2530 782 2606 vim
802 2535 993 2628 augentia,
1015 2533 1091 2608 Lae
1108 2534 1213 2608 dulce
1233 2533 1271 2608 dt

216 2625 378 2719 tepidum
412 2631 553 2707 aeidum
578 2631 801 2726 coagulant,
837 2629 1029 2725 Purgantia
1053 2631 1268 2726 acidumque

215 2725 423 2817 ejicientis,
446 2727 664 2812 &sexcenta
682 2725 763 2808 alia.
781 2761 784 2768 λ
814 2725 883 2804 His
900 2749 992 2802 vero
1009 2729 1179 2804 omnibus
1194 2729 1268 2802 aci·

216 2822 300 2896 dum
325 2825 409 2896 ra'ro
441 2822 490 2898 it'a
514 2824 743 2915 eliminatur,
779 2847 826 2904 ue
848 2827 1044 2920 paullulum
1068 2825 1201 2898 alicubi
1227 2825 1268 2902 iu

216 2919 433 2996 anfractibus
448 2920 701 2998 intestinorum
713 2939 909 3014 remaneat,
931 2924 1030 3016 quod
1043 2921 1183 3017 polles,
1200 2944 1267 3017 per

215 3017 343 3092 tubum
362 3017 602 3094 intestinalenr
626 3018 696 3094 sese
712 3020 978 3116 multiplicans,
1006 3043 1132 3116 pares,
1157 3035 1266 3111 atque

216 3129 346 3204 antea,
370 3117 540 3206 producit
557 3119 728 3207 morbos,
753 3129 795 3190 ut
816 3139 882 3208 per
900 3131 1019 3194 totum
1037 3138 1171 3194 annum
1188 3133 1272 3192 tana

129 3229 138 3245 '·
215 3221 293 3286 tum
314 3212 536 3307 pallintivans
559 3229 716 3310 egrotus
732 3214 948 3290 medicinam
966 3215 1144 3292 adhibeat.
1197 3213 1267 3288 His

152 3331 153 3334 ‘
214 3309 368 3383 veroin
391 3309 526 3384 casibus
550 3313 715 3386 omnium
738 3309 960 3388 certillimans
981 3326 1103 3388 motus
1129 3312 1267 3406 prebet

203 3405 441 3482 medicinam.
463 3433 467 3442 ·
492 3408 565 3484 Hie
581 3411 678 3484 enim
698 3408 838 3482 acidum
856 3409 961 3486 aueo
983 3413 1104 3488 calore
1124 3407 1268 3502 superat

214 3503 364 3596 ejusque
377 3521 588 3602 augmenta,
613 3506 890 3581 corroborando
904 3505 1093 3594 intestina,
1113 3527 1267 3581 moven-

184 3609 188 3618 '
213 3599 263 3674 do
278 3597 312 3672 ἀ
330 3600 499 3694 agitando
517 3604 707 3694 humores,
736 3601 909 3697 impedit,
940 3603 1047 3700 idque
1070 3624 1135 3696 per
1161 3601 1265 3678 ludo·

211 3717 286 3770 rem
315 3697 427 3790 ipsum
445 3722 465 3772 e
483 3699 586 3774 malla
611 3699 802 3796 sanguinea
822 3701 983 3796 expellit.
1033 3699 1123 3776 Dari
1145 3697 1265 3773 autem

211 3793 250 3872 in
267 3794 476 3876 Artbriticis
500 3797 534 3872 u
559 3796 723 3876 affinibus
745 3798 882 3874 morbis
905 3797 1084 3894 ejuaanodi
1100 3797 1266 3884 aeidum,

289 3949 293 3966 .
955 3917 963 3932 ·
1174 3913 1264 3988 quo·
