2688 4752
255 197 336 296 Ι138
382 181 760 259 FUNDAMENTA
785 181 1202 260 ENTOMOLOGIAE.

360 358 629 438 SCHAEFFER
644 361 749 463 (er.
769 366 889 457 Christ.
906 359 1129 453 Germanus)
1146 365 1250 437 leones
1266 366 1325 438 In·

256 463 425 558 sessorum.
454 463 699 554 Ratirb.1767.
721 479 802 552 ano.
827 462 920 535 Tab.
939 483 1017 536 roo.
1042 463 1155 556 pina.
1319 520 1334 538 .

364 559 568 643 HARRIS,
602 559 704 653 cujus
734 562 874 658 primas¹
896 573 1037 636 tantum
1063 561 1201 634 tabulas
1230 559 1327 632 vidi·

265 677 354 732 mus.
409 659 513 732 Lond.
540 658 612 732 Ful.

692 753 798 830 CAP.
850 753 897 830 ll.
1001 845 1003 852 Ι

361 851 493 926 lnsesra
526 854 661 947 ubique
699 868 867 947 reptant,
898 852 1083 943 volitant,
1111 863 1261 938 natant,
1291 851 1330 925 dt

266 951 329 1023 vix
347 951 438 1022 ullus
457 950 508 1024 est
525 952 629 1025 locus
648 951 738 1024 adeo
758 951 1012 1040 absconditus,
1039 964 1080 1024 ut
1100 961 1147 1024 eo
1166 971 1242 1023 non
1259 949 1328 1023 ali·

265 1045 363 1140 quod
385 1071 509 1122 eorum
538 1053 730 1146 pertingat.
782 1049 987 1121 Multitudo
1009 1049 1138 1122 borum
1154 1047 1264 1136 fecit,
1283 1059 1329 1120 ut

265 1143 575 1220 METHODUM
595 1146 632 1220 in
652 1160 779 1236 tanta,
806 1161 847 1218 ut
865 1146 947 1240 ipsis
964 1137 1176 1236 videbatur,
1193 1144 1328 1217 confu-

264 1245 364 1318 sione
380 1267 428 1317 ne
442 1244 609 1318 somniari
629 1244 771 1337 quidem
791 1243 1148 1338 potuerinrveteres.
1186 1240 1328 1314 Swaru-

262 1343 441 1429 merdam,
468 1342 702 1436 infatigabilis
727 1343 788 1414 ille
812 1355 948 1414 nature
966 1341 1175 1436 indagator,
1201 1340 1328 1434 plures

264 1441 302 1516 in
326 1439 395 1514 illis
414 1439 625 1512 observavit
643 1437 755 1513 status
773 1439 1121 1533 metamorphoseos,
1144 1439 1180 1512 in
1197 1437 1328 1510 varios

265 1539 412 1612 ordines
434 1557 498 1630 per
516 1552 677 1610 naturam
696 1535 846 1610 divisos.
887 1535 1071 1610 Nonnihil
1091 1557 1238 1630 quoque
1251 1533 1327 1605 dis-

264 1636 425 1709 criminis
450 1634 522 1729 ipsa
548 1634 659 1706 sacies
687 1633 877 1708 ostendere
898 1634 1111 1721 videbatur,
1138 1631 1326 1707 undeEn·

263 1731 459 1827 tomologi,
472 1731 595 1804 omnia
610 1730 833 1825 Coleoptera
851 1736 1057 1816 Semelen,
1077 1731 1328 1825 Lepidoptera

264 1835 449 1926 Papilinses
470 1830 503 1902 u
520 1829 775 1922 Gymnoptera
792 1831 931 1924 Musrru
955 1823 1138 1918 dicebant,
1154 1842 1262 1921 atque
1279 1826 1327 1900 ad

262 1930 326 2003 has
357 1931 515 2001 retulere
542 1927 697 2020 Diptera
726 1927 927 2020 Bipennia,
959 1925 1016 1999 sed
1046 1927 1328 2020 Hymenoptera

263 2027 525 2120 quadripennia
546 2026 779 2119 appellabant
797 2023 900 2121 Apes.
962 2024 1124 2117 Longius
1151 2023 1328 2119 progredi

262 2145 340 2202 non
360 2125 451 2198 adeo
469 2125 576 2199 facile
595 2124 676 2198 suit.
729 2123 845 2199 Dmus
862 2125 988 2222 Prcrser
1006 2122 1143 2216 primus
1159 2122 1245 2212 suit,
1260 2118 1327 2214 qui

259 2248 376 2320 genera
403 2223 665 2307 determinare,
702 2221 827 2314 eisque
853 2220 937 2295 suos
962 2221 1001 2295 in
1026 2219 1225 2312 Systemate
1245 2217 1328 2292 Na·

261 2338 351 2395 tnrae
382 2319 604 2392 charadleres
641 2316 844 2413 adsignare,
886 2333 994 2411 atque
1020 2317 1112 2391 adeo
1138 2317 1233 2391 hanc
1258 2316 1328 2390 sci·

263 2420 398 2490 entiam
430 2416 466 2489 in
500 2417 652 2487 sormam
685 2414 849 2510 redigere
872 2414 1131 2507 systematicam
1159 2413 1325 2491 auderet.

263 2517 347 2589 Hoc
370 2524 489 2587 autem
510 2509 661 2605 systema
682 2511 913 2607 postmodum
936 2515 974 2587 in
993 2511 1218 2593 editionibus
1243 2513 1327 2587 sub·

263 2609 495 2704 sequentibus
518 2610 621 2683 auxit
642 2609 676 2683 dr
698 2610 929 2699 emendavit,
955 2626 998 2685 ut
1020 2611 1128 2706 plena
1153 2610 1226 2702 jam
1246 2611 1328 2685 haec

262 2710 410 2785 scicntia
428 2709 509 2782 luce
532 2707 722 2802 superbiat.
764 2707 989 2782 ORDINES
1004 2709 1161 2803 primum
1178 2721 1327 2784 natura·

116 2845 119 2852 ·
261 2813 313 2882 les
337 2807 515 2894 instituit,
542 2807 573 2878 dt
603 2809 784 2882 nominibus
814 2807 908 2899 aptis
934 2807 971 2880 in
1000 2826 1131 2902 genera
1159 2807 1326 2902 redegit,

261 2906 442 2980 inlinitum
459 2907 641 3001 ,specimen
665 2924 853 2978 numerum
885 2904 923 2976 in
945 2903 1071 2978 Fauna
1101 2902 1256 2978 Suecica
1290 2905 1329 2977 u

259 3003 392 3076 Museo
424 3003 570 3096 Regina
594 3001 870 3075 determinavit:
908 3001 1092 3096 Synrnyma
1117 3000 1331 3082 Auctorem

260 3099 466 3176 incredibili
496 3102 622 3172 labore
651 3099 821 3195 collegit,
853 3099 1070 3191 tandemque
1091 3104 1161 3172 loca
1183 3097 1329 3173 addidit

261 3197 396 3272 natalia
421 3197 460 3271 u·
474 3199 709 3293 descriptiones.
762 3195 847 3270 Hoc
867 3197 976 3292 igitur
994 3196 1105 3270 secuti
1124 3194 1222 3270 filum
1252 3197 1328 3268 ari-

261 3297 437 3384 adneum,
464 3297 583 3388 primo
608 3291 727 3368 statim
751 3294 908 3384 intuitu,
944 3294 1017 3368 fine
1045 3296 1120 3367 ullo
1141 3294 1205 3367 Ma
1232 3293 1328 3368 istro

259 3395 375 3482 viru,
402 3405 484 3466 tuto
509 3395 719 3486 plerumque
739 3391 851 3466 obvia
873 3391 1113 3466 determinare
1136 3413 1185 3485 po
1215 3413 1327 3465 umus

260 3490 401 3564 insessa.
454 3491 552 3563 Ante
579 3488 676 3564 illum
699 3489 781 3565 sane
806 3489 871 3561 vix
896 3490 999 3584 supra
1028 3490 1183 3562 ducenta
1210 3489 1326 3561 inno·

259 3601 408 3660 suerunt
433 3586 584 3675 inserta,
617 3587 647 3659 is
675 3607 768 3662 vero
798 3587 835 3660 in
864 3588 989 3660 ultima
1016 3585 1214 3678 systematis
1244 3585 1327 3658 edi·

259 3685 364 3756 tione
393 3685 462 3757 tria
494 3683 569 3757 sere
602 3682 844 3774 distindlarum
878 3685 1075 3776 specierum
1110 3684 1222 3756 millia
1257 3681 1326 3756 de·

259 3780 481 3858 terminavit.
533 3779 775 3874 Systematici,
796 3780 945 3855 eandem
974 3781 1111 3877 ingressi
1140 3782 1252 3871 viam,
1280 3781 1325 3856 in

257 3878 406 3977 Europa
432 3878 671 3973 Australiori,
703 3880 781 3958 suas
806 3879 1067 3976 diligentissime
1094 3878 1326 3974 pervestiga-

1231 3991 1326 4050 runt
