2716 4748
168 99 173 106 ⁴
249 175 320 253 350
542 148 682 227 cuna
714 145 1015 226 dannanus.

249 332 337 419 xio,
364 343 406 404 ut
431 330 642 426 perdifficile
669 331 821 405 omnino
855 329 918 421 lit,
945 348 1062 402 rerum
1093 322 1314 400 naturalium

249 430 393 504 initium
415 446 523 522 atque
545 426 653 503 finem
677 428 866 522 detegere3
894 429 1036 520 itaque,
1062 425 1085 498 st
1109 422 1314 495 considere·

250 551 352 616 mus,
383 549 545 619 quanam
565 527 799 601 incommoda
821 524 980 600 excelsus
999 525 1122 595 barum
1152 521 1315 610 quinqua

249 648 369 702 rerum
398 648 473 698 non
503 629 718 699 naturalium
740 625 897 712 excitet,
949 623 1102 694 atebunt
1129 616 1230 690 baud
1257 618 1313 688 du·

250 724 311 796 bie
338 726 582 809 mutationes,
607 746 693 815 quas
719 723 829 796 fluida
855 722 888 792 dr
915 646 1028 794 idida
1055 715 1141 790 inde
1171 715 1314 808 patiun-

252 835 332 911 tur,
357 843 422 913 per
445 821 479 891 dr
504 821 730 912 consequens
753 820 914 892 actiones
941 817 1147 889 contraria.
1256 901 1259 904 ¹

350 917 392 990 In
421 940 554 1012 genere
583 918 643 991 hic
672 918 857 992 observari
882 916 1057 1001 velimus,
1085 909 1185 1004 quod
1213 909 1317 983 Vitia

251 1014 447 1088 Diaetetica
468 1033 508 1089 ut
523 1017 694 1110 simplicia
709 1017 953 1102 delineemus,
976 1012 1141 1104 quamvis
1160 1009 1315 1100 plerum·

252 1136 322 1206 que
345 1115 563 1207 complicem
590 1115 723 1203 adsint,
753 1113 892 1206 optime
914 1111 1036 1206 gnari,
1063 1108 1161 1200 quod
1184 1107 1315 1178 horum

252 1210 404 1285 effecius
427 1213 459 1284 u
482 1213 642 1304 medela,
674 1237 720 1286 ex
745 1212 889 1286 suorum
914 1208 1127 1304 simplicium
1152 1202 1314 1278 confide·

253 1311 420 1402 ratione,
445 1309 647 1386 attendenti
666 1309 861 1406 patescant.

351 1599 547 1676 Ordiemur
573 1603 617 1676 ab
634 1602 893 1676 EXCRETIS.
950 1599 1017 1671 Cui
1030 1599 1078 1670 ris
1096 1609 1229 1670 notum
1249 1593 1313 1686 est,

253 1698 350 1790 quod
371 1702 490 1794 vigori
510 1702 678 1794 corporis
700 1724 777 1775 non
795 1701 912 1773 minus
930 1697 1160 1783 detrabatur,
1179 1694 1228 1767 iic
1242 1693 1316 1768 suc·

251 1796 285 1868 ci
314 1797 513 1871 laudabiles
538 1798 771 1887 amittantur,
797 1819 902 1889 quam
925 1795 1007 1868 dum
1030 1793 1315 1878 excrementitii,

253 1894 430 1969 continua
455 1898 541 1969 vitre
571 1895 714 1971 atiione
737 1896 775 1970 in
798 1893 902 1968 malla
926 1893 1115 1988 sanguinea
1136 1891 1316 1984 generati,

254 1994 512 2067 ultramodum
531 1996 747 2069 retinentur.
781 1995 928 2067 Excreirr
947 1991 983 2064 in
1002 1987 1143 2062 excello
1161 2009 1316 2081 peccan-

255 2091 306 2163 tia
325 2093 434 2188 fluirla
459 2093 615 2167 reddunt
638 2096 751 2192 densa,
777 2091 811 2164 tc
827 2093 936 2187 solida
961 2091 1095 2162 torrida.
1148 2085 1192 2160 ln
1215 2083 1313 2158 omni

253 2187 331 2260 fere
356 2193 622 2282 evacuatione,
649 2193 760 2266 fluida
786 2187 983 2262 tenuillrma
1008 2191 1127 2279 primo
1157 2183 1193 2256 δι
1215 2183 1314 2258 iacil-

253 2285 339 2357 lime
354 2287 467 2374 exire,
486 2289 702 2362 notiffimum
723 2290 794 2375 est3
820 2289 903 2362 binc
924 2287 1036 2359 serum
1052 2285 1190 2378 primus
1206 2301 1312 2356 eruo

253 2405 293 2454 re
318 2399 537 2457 evacuatur:
567 2388 661 2460 bisce
684 2408 774 2460 vero
800 2386 894 2460 binis
913 2383 1095 2477 precipue
1122 2378 1312 2472 componi·

254 2479 508 2649 tutridiangttis,
539 2481 705 2579 adeoque
732 2505 841 2588 cruor
881 2504 944 2578 per
985 2493 1133 2554 excreta
1173 2477 1313 2551 densior

253 2599 294 2651 re
345 2595 425 2650 rtur.

351 2676 417 2749 Par
440 2698 516 2752 non
539 2679 659 2772 potest
680 2701 756 2754 non
777 2676 846 2752 elle
868 2676 962 2750 ratio
987 2675 1209 2749 solidorum:
1243 2672 1314 2746 bac

257 2775 353 2848 enim
380 2775 519 2848 torrida
547 2775 663 2868 fiunt,
695 2780 778 2852 dum
809 2776 930 2849 debita
954 2774 1019 2846 seri
1050 2774 1238 2864 quantitas
1264 2793 1313 2845 ea·

255 2872 336 2944 dem
366 2872 602 2948 humectantis
636 2876 745 2950 deelt
813 2875 912 2946 Hinc
939 2873 1108 2946 diuturna
1140 2871 1316 2944 diarrhoet

256 2985 447 3063 correptus
476 2972 584 3048 instar
610 2973 766 3065 Sceleti,
793 2973 1007 3046 macilentus
1025 2982 1188 3062 apparet.
1246 2965 1317 3070 Qui

255 3068 552 3159 mercurialibus,
587 3074 648 3145 vel
678 3071 872 3146 immodica
903 3070 1020 3141 tabaci
1053 3065 1316 3162 fumigatione‚

256 3163 403 3239 salivam
425 3165 624 3258 exspuunt,
642 3170 802 3244 siccitate
816 3169 996 3256 faucium,
1012 3165 1318 3258 incommodaque

257 3263 458 3357 digestione
477 3267 666 3358 laborant,
697 3290 800 3362 quam
823 3266 967 3338 turbata
987 3264 1142 3336 nutritio
1166 3262 1203 3334 δι
1228 3283 1318 3336 ema·

257 3363 371 3434 ciatio
403 3363 585 3437 indivulso
611 3388 709 3438 nexu
734 3364 967 3439 comitantur.
1019 3361 1075 3435 Ex
1094 3361 1231 3434 eodem
1257 3361 1319 3434 flu·

257 3459 289 3530 it
313 3460 444 3548 fonte,
472 3461 570 3555 quod
599 3461 867 3538 libidinolillimi
900 3461 1113 3533 humoribus
1137 3459 1319 3553 depaupe-

258 3558 325 3628 rati
344 3557 589 3648 fluidioribus,
604 3562 739 3654 torpidi
760 3558 972 3633 &exsiccati
992 3557 1187 3650 prodeunt.
1225 3557 1320 3630 Hinc

259 3653 367 3725 etiam
394 3655 513 3726 nimiae
532 3657 710 3752 sanguinis
728 3658 892 3752 jactura,
916 3678 980 3749 per
1007 3677 1247 3748 quascunque
1273 3653 1321 3724 ri·

259 3772 297 3825 as
315 3751 440 3842 fauae,
460 3753 631 3828 fonticuli
654 3758 838 3846 diuturni,
864 3753 1185 3846 expettorationes
1204 3750 1320 3846 phthi-

259 3849 436 3938 ficorum,
464 3851 565 3928 latiis
585 3858 818 3933 excretiones
843 3853 984 3928 viribus
1004 3852 1190 3928 nutricum
1210 3853 1320 3942 majo

1253 3968 1319 4034 res,
