2724 4746
299 233 510 314 nonnus
545 235 831 316 corrnatis.
1046 267 1094 350 ¹9

35 417 102 494 dui
121 413 176 490 illi
195 411 317 490 ansam
334 411 501 488 dederint
518 411 744 493 uberrimam.
786 417 870 494 Nos
889 433 1007 496 autern
1026 443 1094 520 po-

35 517 118 590 tiori
144 517 307 610 impares
328 513 467 598 labori,
498 513 783 612 primumlstudii
812 519 976 592 litterarii
998 524 1094 596 rudi-

34 627 195 688 mentum
232 609 551 684 &Academicum
582 609 792 690 exercitium
822 615 975 702 edituri,
1021 621 1093 696 dir-

33 709 265 804 quifitionem
292 708 442 798 hujusce
467 711 676 802 argumenti
698 712 983 806 qualemcunque
1007 717 1093 796 ideo

33 804 251 904 potiffimum
276 805 582 900 praeoptavimus,
607 807 706 898 quod
730 823 800 884 tam
821 813 961 904 plebem
985 837 1093 906 quam

33 905 229 1000 politiores
251 905 441 994 homines,
464 907 537 976 ruri
558 905 782 996 habitantes,
812 913 856 980 de
880 931 994 982 rerum
1017 917 1092 988 illa·

32 1029 104 1078 rum
140 999 373 1100 ignorantia,
413 1021 500 1093 quas
531 1004 658 1074 culinae
695 1009 849 1076 maxime
880 1011 1090 1088 neccll'uriaa

32 1101 155 1175 hortus
178 1099 298 1187 ferat,
332 1099 393 1170 diu
415 1097 558 1191 questos
585 1101 800 1178 audiuimus.
854 1100 990 1192 immo,
1024 1133 1090 1182 no·

31 1199 168 1272 biscurn
182 1195 313 1270 animo
328 1195 551 1281 volutantes,
571 1213 708 1286 quanto
725 1217 956 1281 ornamento,
978 1227 1089 1294 quan·
1159 1261 1164 1277 .

31 1311 179 1388 tumque
209 1296 247 1366 in
282 1291 513 1366 commodum
547 1295 673 1376 hortos
706 1296 927 1372 instituerint
957 1319 1090 1382 extera

30 1395 225 1482 nationes„
251 1389 330 1464 cito
344 1387 605 1482 judicavimus,
631 1399 794 1487 exempla
815 1417 935 1468 earum
960 1401 1091 1480 addere

30 1493 163 1564 civium
184 1489 395 1564 nostrorum
414 1489 554 1578 optimo
569 1491 699 1582 cuique
716 1491 892 1566 iiinutlum
908 1517 1089 1586 oliliquum

29 1610 99 1662 non
122 1601 321 1682 oportere.
375 1587 517 1658 Etenim
544 1587 659 1660 Patria
681 1589 828 1680 nostre,
855 1599 1088 1684 quantunrvir

30 1685 217 1760 atrociore
243 1683 327 1778 gelu
352 1681 501 1754 multum
527 1679 660 1778 rigeat,
695 1707 807 1778 capax
833 1703 950 1762 tamen
979 1693 1088 1784 proti·

29 1805 98 1858 cue
122 1777 180 1858 est
199 1783 352 1854 cultura
374 1781 689 1856 &multitudinem
714 1787 892 1858 cultorum
911 1787 1089 1870 fruetuum

29 1883 107 1972 alit,
133 1877 289 1954 colonis
307 1867 433 1951 ‘veram
462 1887 565 1950 terre
588 1873 721 1952 indolis
740 1879 953 1958 habentibus
976 1887 1088 1964 ratio.

28 1997 117 2054 nem.
175 1979 231 2050 At
245 1994 363 2066 vero,
390 1973 493 2068 super
516 1975 583 2048 bac
599 1975 748 2066 materia
766 1995 943 2074 precepta
965 1983 1088 2060 autio-

28 2095 114 2166 mm,
132 2087 215 2148 tum
228 2085 393 2146 veterum
407 2078 482 2146 tum
493 2073 750 2159 recentiorum,
776 2073 863 2148 allas
881 2091 987 2170 atque
1000 2079 1087 2158 alias

28 2173 273 2248 incolentium
296 2167 487 2265 regiones,
520 2183 628 2260 quum
652 2167 733 2242 coeli
758 2167 870 2244 nostrl
895 2176 1004 2268 genio
1021 2179 1088 2254 mi.

28 2289 87 2345 nus
110 2267 374 2356 conveniant,
399 2267 684 2360 nostratiumque
700 2265 807 2362 libri,
833 2283 944 2346 artem
963 2277 1088 2352 colen·

30 2371 58 2441 di
80 2371 218 2442 hortos
250 2363 522 2456 adornandique
552 2363 791 2456 tradentium,
829 2367 956 2462 partim
987 2387 1086 2452 exte·

27 2488 144 2542 rorum
170 2461 505 2550 lucubrationibus,
529 2463 658 2554 partim
689 2459 918 2540 scribentium
942 2469 1084 2560 pallies

28 2567 233 2640 tation'aus
252 2556 377 2633 t'eierti
393 2548 480 2650 imi,
506 2559 557 2632 ita
571 2557 736 2650 quidem,
762 2571 804 2634 ut
821 2557 942 2638 fucum
960 2556 1084 2660 potiu't
1191 2570 1193 2581 '

26 2663 183 2753 iaciant,
216 2673 326 2752 quam
348 2673 434 2730 vett
458 2651 491 2728 dt
518 2649 703 2730 sufficienti
728 2653 898 2732 Historia
924 2659 1084 2740 Natura·

27 2759 67 2834 lir
92 2758 340 2856 cognitione,
378 2753 474 2848 quod
505 2749 702 2840 deberent,
737 2751 921 2846 nitantur;
957 2777 1084 2858 parum

24 2859 232 2952 proderunt
254 2851 410 2928 discendi
439 2849 573 2946 cupido
595 2849 807 2950 &diligenti
828 2872 946 2930 rerum
967 2856 1084 2934 Rulli·

26 2973 145 3030 carum
174 2949 359 3026 setlatorl.
415 2945 507 3022 Rern
535 2945 657 3041 itaque
687 2947 987 3044 supervacaneam
1017 2952 1083 3034 ml:

25 3057 117 3128 nime
137 3069 212 3126 nec
230 3045 408 3142 ingratam
422 3065 491 3120 nos
508 3041 730 3140 adgrelluros
747 3043 830 3141 fore
847 3051 1081 3156 arbitramur,

24 3151 207 3242 fiplantas
229 3159 440 3240 proponere
464 3161 659 3229 conemur,
692 3161 778 3234 quat
800 3141 929 3220 hortus
952 3154 1082 3232 eulinm

24 3248 82 3322 fibi
106 3245 301 3332 vindicat,
331 3259 490 3335 quasque
515 3239 592 3314 ruri
615 3237 768 3331 quilibet
796 3237 981 3336 babitans,
1007 3271 1083 3324 cer.

24 3343 149 3418 tantini
176 3359 264 3413 cum
292 3339 524 3432 Magnetibus
554 3335 914 3430 &Opulentioribus
945 3344 1081 3442 impar,

25 3435 295 3534 conquirere&
316 3435 484 3530 potest&
504 3433 625 3509 debet.

115 3533 379 3632 vegetabilia,
406 3549 483 3644 que
500 3529 655 3606 nostram
672 3545 771 3604 nune
792 3523 946 3604 subeunt
967 3533 1081 3612 const·

29 3635 269 3722 demtionem,
289 3630 479 3724 tripliciter
494 3625 639 3722 dispesci
657 3627 904 3724 intelligimus,
929 3649 1083 3722 quorum

28 3737 90 3808 alia
112 3751 249 3828 agros,
276 3729 346 3800 alia
369 3725 467 3800 horti
487 3745 608 3816 amas,
631 3724 701 3800 alia
724 3723 878 3819 deniquo
900 3731 1080 3820 gremino.

25 3831 94 3906 sum
126 3837 320 3920 occupant
351 3820 473 3898 solum.
538 3823 658 3936 Qum
693 3819 905 3896 divisionem
937 3830 1081 3929 verbis,

29 3929 131 4022 Agre,
154 3915 794 4090 Ptmtarioualrtufltsstgnifieatam
811 3920 992 4000 volumur.
1024 3925 1082 4096 fili

601 4038 620 4090 2
1053 4043 1082 4098 tt
