2716 4748
256 168 326 258 an
536 147 1027 244 cataractarum.

254 337 354 412 circo
373 332 543 412 feminam
575 331 693 438 suam,
718 325 822 412 velut
840 328 974 412 inseiis
994 337 1104 427 uiua,
1125 327 1171 410 ali
1190 337 1296 414 barba

254 435 315 512 sua
331 433 492 528 'separati
515 449 656 510 natant.
706 435 775 509 Sed
792 434 935 533 singulis
957 435 1143 510 immorari
1160 435 1296 532 longum

253 535 363 610 soret.
415 527 859 627 ANIMALIA,antiquis
876 545 1068 627 tantopere
1079 533 1250 628 neglaisu
1261 535 1296 606 acl

202 704 204 706 ,
253 645 442 706 numerum
466 628 625 724 decuplo
655 633 837 725 majorem·
857 629 984 706 nostro
1010 629 1157 722 seculo,
1186 631 1224 705 in
1247 633 1295 704 ai·

200 821 201 825 Ν
253 727 484 804 mirationem
507 725 657 802 Divina
681 729 884 826 sapientia,
916 727 998 803 sunt
1024 727 1176 802 detetia.
1215 727 1294 802 sai·

254 843 352 901 anum
382 824 490 899 nobis
510 823 695 917 innotuit,
737 828 830 914 Cete,
856 825 1062 900 animalium
1091 825 1294 918 maximum,

254 924 412 1000 militare
444 922 507 996 sub
534 921 638 998 classe
666 925 927 1014 manamaliutn,
953 936 991 996 at
1016 927 1120 998 Sorax
1144 932 1294 1010 minuto,

255 1018 388 1097 animal
413 1022 600 1096 mammala
626 1022 787 1096 omnium
810 1022 1019 1111 minimum,
1051 1023 1158 1114 cujus
1191 1023 1294 1118 graui·

255 1133 311 1195 tas
331 1121 366 1213 sj
381 1139 459 1194 non
474 1118 626 1214 superat
666 1119 844 1215 Cognitus
861 1119 970 1194 nobis
988 1117 1039 1193 est
1049 1120 1217 1216 Grypum,
1233 1119 1295 1192 avi·

255 1233 315 1293 um
334 1217 499 1293 omnium
520 1216 697 1310 maxima,
722 1219 890 1291 &turma
908 1217 1047 1314 integra
1075 1215 1293 1305 Trotiiiontn,

257 1335 412 1410 quotum
440 1315 608 1389 minimus
632 1314 794 1409 pondere
820 1314 894 1388 Ser.
917 1335 946 1389 r.
964 1327 1153 1408 exequat
1167 1312 1293 1483 Egat-

257 1414 343 1507 quin
367 1412 509 1488 Parrum
523 1413 682 1504 detexit,
708 1411 870 1486 Gallinas
890 1413 935 1486 ab
955 1411 1087 1487 avibus
1105 1411 1223 1504 rapaci
1248 1431 1291 1500 us,

254 1523 297 1584 ut
312 1509 412 1584 canis
432 1531 545 1600 oves,
562 1509 838 1586 custodientem.
869 1509 1035 1605 Psittacus
1047 1513 1240 1606 pensuiinur
1255 1509 1293 1580 al·

254 1622 338 1681 tero
363 1607 454 1700 pede
477 1607 539 1680 sub
565 1611 674 1683 ramis
698 1605 878 1701 suspensus
900 1608 1046 1682 dormit.
1092 1603 1292 1703 Bttpbagcad

256 1709 375 1780 larvas
399 1700 585 1792 oestrotutn
610 1727 630 1780 e
653 1704 759 1780 dorso
778 1724 968 1780 vaccarum
985 1705 1194 1779 eximendos
1212 1703 1292 1778 ordi·

256 1815 343 1879 nata
361 1799 434 1891 ests
455 1802 596 1878 Aeacos
622 1805 661 1880 in
686 1803 742 1878 his
768 1805 885 1900 carpit
908 1807 1120 1900 Crotopbago.
1171 1797 1292 1900 Psopbin

257 1921 324 1977 ore
356 1916 480 1976 cantat
515 1899 724 1976 &resonat
756 1919 840 1976 ano.
898 1903 1066 2000 Serpentes
1092 1899 1293 1976 fascinantur

255 1995 518 2090 Aristolocbla,
539 1997 767 2096 &amphibia
781 1995 957 2073 fascinant
972 2000 1115 2074 minora
1129 1997 1289 2085 animalia,

256 2099 295 2175 in
315 2097 472 2192 ipsorum
490 2110 531 2172 ut
554 2097 726 2174 involent
743 2096 878 2171 fauces.
927 2095 1109 2192 cymaco
1125 2099 1289 2182 sunnon,

256 2195 331 2291 ipsa
355 2193 571 2290 Torpedine
597 2197 797 2293 mirabilius
831 2191 1037 2270 elesiticum
1066 2193 1157 2268 facit
1181 2189 1288 2286 impul·

256 2293 342 2370 sum.
392 2291 491 2366 Inter
508 2290 621 2383 pisces
642 2294 803 2389 Opprinm
821 2308 956 2366 auratus
976 2293 1101 2367 nitore
1119 2311 1235 2364 aurum
1249 2285 1288 2361 se·

255 2389 442 2465 revincit.
492 2389 637 2485 Fulgore
663 2391 752 2463 facis
775 2389 885 2463 instar
911 2393 1019 2466 lucet.
1074 2395 1194 2466 &acer
1214 2391 1287 2458 roa

256 2492 326 2564 tolo
346 2485 458 2559 chelis
487 2507 508 2560 a
531 2509 690 2583 corpore
709 2486 870 2581 abruptis
888 2488 1073 2562 violenter
1100 2481 1288 2580 comprimit

255 2587 354 2662 suurn
384 2581 534 2662 hostem.
588 2587 728 2661 Gordius
753 2584 933 2682 argillam,
968 2602 1009 2660 ut
1034 2587 1141 2680 piscis
1166 2601 1284 2678 aquen,

254 2695 428 2780 petineat.
480 2683 608 2778 Hydrae
633 2685 666 2759 bc
694 2686 794 2778 plura
814 2684 894 2758 sunt
914 2684 1080 2758 animalia
1096 2679 1284 2776 composta.

258 2787 400 2858 Corallis
417 2782 460 2853 ab
478 2781 691 2856 animalibus
706 2781 785 2856 sunt
802 2781 1015 2856 constructa.
1065 2783 1225 2876 Gorgonis
1237 2795 1284 2846 ut·

255 2879 424 2978 getabilia
442 2878 540 2965 sunt,
565 2881 674 2955 flores
695 2902 786 2952 veto
804 2899 923 2952 earum
948 2881 1127 2952 animalia.
1182 2878 1284 2949 Voluca

253 2993 377 3065 natos,
392 2991 802 3072 nepotespronepotes
829 2976 862 3048 uz
888 2978 1048 3052 nondum
1078 2991 1183 3049 natos
1207 2971 1240 3045 in
1258 2967 1284 3040 se

217 3128 226 3132 -
254 3075 358 3170 gerit.
416 3074 560 3169 Ussilogo
578 3079 684 3150 bodri
701 3075 788 3148 viva
809 3075 872 3146 est.
927 3079 1027 3149 Chaos
1046 3079 1215 3149 redivivat
1234 3081 1284 3162 pel

255 3188 374 3246 totum
407 3191 538 3245 annum
572 3174 693 3246 secati
726 3172 844 3268 potest
874 3171 908 3244 o
938 3190 1058 3247 tamen
1085 3195 1150 3266 per
1178 3181 1284 3274 aquen

254 3270 364 3346 instar
387 3269 496 3344 musci
516 3271 754 3356 reviviscere3
785 3284 825 3343 ut
842 3284 962 3344 cetera
980 3268 1169 3349 brevitatis
1185 3263 1282 3340 liudto

253 3385 402 3443 taceam.

711 3471 744 3559 §-
795 3469 862 3541 V?

347 3559 551 3644 PISCIUM
569 3563 679 3644 clallis
697 3566 862 3638 minimas
884 3562 1047 3640 obtinuit
1067 3555 1280 3658 accessores

254 3656 315 3734 sed
335 3658 427 3732 hanc
450 3660 526 3739 Cel.
553 3661 602 3735 D.
629 3663 677 3736 D.
706 3665 855 3752 Gorden,
882 3664 941 3755 qui
968 3663 1005 3734 in
1039 3659 1178 3734 australi
1201 3649 1281 3724 habr-

253 3771 307 3832 tat
326 3755 494 3831 Carolina
517 3761 726 3850 Amanicas,
755 3763 859 3834 valde
873 3761 1136 3852 locupletavit,
1152 3740 1283 3826 &miffil

254 3858 501 3952 perbenevole
518 3859 561 3933 acl
579 3857 631 3932 N.
649 3859 698 3934 D.
715 3857 898 3934 Ptaefidem
917 3854 1088 3932 omnibus
1104 3857 1177 3930 sete
1191 3849 1281 4016 ‘sss
