2724 4746
261 263 465 348 umuoo
495 263 845 348 irroremur.
1027 291 1072 370 ςι

35 445 174 524 tueor.
245 445 331 522 Hoc
359 446 502 542 quidem
531 447 712 546 precipue
741 449 877 526 referas
905 447 1076 532 Hermu·

34 555 122 634 rim,
148 545 311 622 Doicrcrn
324 549 521 636 rusum,
545 567 627 622 cum
645 545 791 644 stupore
807 550 1077 628 extremitatum

35 646 264 733 triariorum,
287 639 452 720 dolorem
468 643 699 740 Isciicdirum,
717 644 881 720 dolorem
898 647 1077 726 tenirvum

35 741 92 816 icc
115 741 331 834 Osteocopscn
350 737 497 816 femoris
518 741 576 816 vel
600 741 710 816 ctiam
731 741 828 818 tibio
876 742 988 838 inque
1009 747 1077 822 ho·

34 861 95 914 rum
113 839 366 912 membrorum
383 833 556 928 articulis,
572 839 749 936 Isthmon
766 837 801 914 dc
819 793 1003 918 immonsa
1015 843 1077 922 seu

33 935 208 1032 mingendi
233 931 270 1008 dt
293 934 478 1010 secedendi
502 933 760 1014 difficultatem.
817 935 959 1016 Horum
978 961 1077 1018 mor·

34 1037 149 1108 bonum
172 1029 343 1126 quidam,
361 1031 531 1108 consensu
549 1053 768 1125 nervorum,
798 1031 837 1110 in
858 1034 978 1130 capite
998 1039 1077 1118 vim

33 1129 115 1206 iuam
139 1129 338 1221 exierunt,
360 1141 402 1202 ut
419 1131 512 1206 Verri
532 1155 570 1218 o,
601 1143 643 1204 ut
654 1131 782 1226 ‚ormo
789 1183 802 1222 ,
825 1143 868 1206 ut
884 1133 1077 1232 Hypocicn'·
1145 1134 1148 1150 '

33 1229 132 1322 isiofis
149 1227 188 1298 dc
209 1225 437 1300 Mumcmua.
526 1225 595 1300 isce
612 1227 649 1302 in
674 1227 809 1302 caiibus
830 1227 925 1304 benc
945 1229 997 1306 cst
1010 1233 1077 1306 ob-

32 1321 266 1414 icrsandum,
287 1340 364 1396 non
383 1321 496 1398 modo
518 1337 638 1398 utrum
663 1323 702 1398 in
723 1343 795 1400 ano
812 1323 896 1402 vasa
916 1327 1078 1424 quadam

32 1421 160 1496 umida
191 1416 254 1496 seu
285 1419 426 1496 varices
457 1431 674 1516 appareant,
720 1419 780 1498 sed
811 1423 920 1500 etiam
956 1439 1079 1504 utrum

32 1517 430 1692 minuisti
446 1517 1078 1716 itttttiiiipiut‘tit

30 1713 217 1800 hmditur,
255 1725 331 1786 tom
360 1709 486 1806 utiquc
506 1711 808 1789 hemorrhoidum
832 1713 969 1791 fluxum
990 1737 1077 1813 pro·

29 1809 251 1886 movendum
265 1807 334 1882 effe
351 1807 541 1888 indicatur.
581 1805 786 1884 Evacuatio
803 1823 944 1904 cutem,
966 1813 1074 1906 quani

31 1907 225 1982 Hirudines
245 1903 425 1998 efficiunt,
444 1919 516 1982 tam
533 1903 585 1980 cst
601 1920 738 1982 natura
752 1909 1010 2004 accomodata,
1031 1921 1076 1988 ut

29 2003 256 2098 prastantior
281 2003 390 2078 nulla.
451 2001 729 2078 Observandum
757 2017 908 2096 tamen,
932 2004 1077 2086 easdem

29 2117 84 2175 ant
109 2101 178 2197 ipii
199 2097 390 2194 sphintieri
411 2099 491 2188 ani,
514 2113 577 2172 aut
595 2099 682 2172 loco
704 2099 757 2171 ilii
777 2101 947 2196 proximo
965 2103 1076 2196 adpo·

19 2199 159 2284 ,tendas
187 2195 270 2272 css'e.
327 2195 438 2304 Quod
460 2212 541 2270 cum
565 2193 616 2270 ita
642 2195 706 2286 fit,
737 2215 786 2271 ne
809 2195 956 2288 dubim,
987 2195 1076 2293 quid

28 2299 244 2372 mrietoribur
262 2295 755 2392 melancholicobypotiondriocir
783 2293 818 2368 dc
830 2301 983 2394 primuni
999 2295 1075 2394 sera
1183 2345 1187 2356 ·

25 2393 164 2492 ps'ginoso
196 2393 449 2468 hemorrhoidali
479 2391 656 2488 egregiam
698 2389 866 2484 prestent
910 2411 1073 2488 operam

26 2491 103 2564 Nec
121 2489 264 2566 minori
282 2485 363 2564 sunt
386 2487 462 2562 usui
487 2489 526 2562 in
547 2485 676 2562 afferto
692 2486 906 2580 ischiadico,
932 2489 975 2563 ad
998 2511 1072 2566 ma·

26 2589 125 2662 riscas
152 2587 178 2664 fi
204 2584 453 2680 adplicantur,
505 2583 577 2658 uod
601 2579 770 2658 drt'ribus
792 2587 965 2681 exemplis
983 2609 1074 2664 cotr-

25 2683 139 2760 firmat
171 2679 436 2756 celeberrimus
462 2681 484 2756 S
523 2677 1011 2779 AHL1u3,muffernsrm
1036 2686 1074 2762 de

25 2785 80 2870 usu
92 2781 391 2880 smgmsugorum,
421 2779 505 2870 ubi,
530 2778 661 2852 ceteris
678 2778 948 2854 medicamentis
967 2781 1001 2856 dc
1018 2781 1074 2856 in·

26 2880 134 2953 ternis
160 2879 197 2950 dr
220 2875 354 2970 topicis
379 2873 506 2950 frustra
527 2875 695 2964 tentatis,
718 2874 902 2952 hirudines
921 2875 1073 2974 presen-

26 2975 185 3050 tiffimam
200 2969 388 3072 probuiffc
406 2972 604 3068 medelam,
628 2985 900 3052 commemorat.
1070 2968 1074 2989 '

112 3113 248 3188 Plures
281 3105 500 3186 Hirudioum
530 3105 704 3184 utilitates
738 3109 763 3186 fl
793 3107 986 3202 deiiderar,
1021 3068 1076 3188 au

25 3205 407 3382 ffigrdgisqtgraessztouid
423 3205 462 3282 io
475 3207 773 3306 inflammationibus
788 3213 928 3284 rutenis
945 3207 1075 3286 &aliie

115 3442 163 3522 ln
185 3443 394 3538 oportuno
415 3434 632 3514 Hirudinum
651 3434 867 3526 suctionem,
890 3433 976 3511 stad
993 3449 1077 3512 can·

27 3539 122 3616 titum
143 3533 249 3614 oculi
264 3549 451 3612 externum
465 3535 702 3628 adhibentur,
726 3531 994 3609 efficaciffimum
1008 3531 1080 3608 rus

27 3637 247 3728 temedium,
272 3634 466 3709 contendit
479 3631 598 3708 Dmus
611 3631 830 3706 PRINGLE
847 3631 872 3704 i.
887 3648 919 3704 t.
946 3631 1078 3732 infloru-

27 3743 155 3810 minu
189 3751 338 3828 quoque
368 3733 548 3806 continuio
581 3735 765 3824 iocrpmoiis
789 3729 927 3824 optimc
951 3747 1078 3804 occur·

25 3825 540 3926 runt,'tiiiderhabcndacst
556 3820 860 3920 ΗΕΙδΤΒΙὶΟ.1
1074 3856 1081 3871 ·

547 4020 633 4096 Ds
977 3969 1110 4090 odim·
