2688 4752
89 157 475 248 ruunnnurr‘rn
498 163 1002 253 aonowsrocnnrurn.
1037 144 1110 255 1r1'

45 343 147 441 casp.
189 343 367 437 Bauhini,
409 365 483 441 quo
519 343 584 420 vix
618 345 773 422 ducenta
808 347 969 446 gramina
1002 359 1109 429 eraut

42 443 215 539 cognita,
235 446 357 518 valere
375 443 448 518 hoc
465 443 610 540 potuit;
634 443 741 520 audo
764 467 855 520 vcro
873 443 1027 520 mirifice
1040 467 1106 520 nu·

40 565 169 630 mero,
193 539 397 616 distintium
426 543 463 618 iu
490 541 544 616 his
576 541 735 634 plantis,
765 543 864 638 quod
893 542 937 618 ad
958 543 1106 620 herbam

41 639 440 731 adeonmrrtbus,s1bi
466 659 679 734 comparare
705 641 981 738 cognitionem,
1009 639 1108 716 baud

40 740 164 814 minue
194 736 340 810 difficile
369 737 490 830 foret,
517 759 622 829 quarn
650 737 673 812 fr
701 740 781 832 quia
810 761 938 816 omncs
955 737 1105 814 Umbel-

39 838 132 910 Iatae
164 835 227 908 uni
256 833 449 926 subjiceret
479 833 616 930 generi.
679 835 734 910 Ut
758 837 867 934 igitur
897 859 916 910 a
945 836 1105 914 Curiosra

36 949 110 1106 ru
128 929 847 1128 namnum‚sirenue
863 955 1104 1128 uerrunt
1200 1095 1204 1104 ,

38 1131 75 1202 in
100 1127 249 1202 Genera
273 1125 422 1221 dispesci
445 1130 592 1204 debent.
651 1127 740 1204 Hoc
768 1152 860 1206 vero
885 1130 977 1232 iuste
1003 1151 1104 1226 pera·

38 1228 160 1322 gitur,
179 1225 203 1299 ti
221 1223 368 1300 Genera
382 1223 574 1300 Naturalia
586 1227 657 1300 rite
675 1223 911 1325 investigata,
934 1229 1044 1304 certis
1060 1249 1104 1302 ac

38 1324 292 1400 determinatis
324 1322 559 1420 insrgniantur
590 1324 803 1402 nominibus
828 1327 1020 1404 Genericir
1051 1339 1104 1402 at·

41 1445 108 1517 que
127 1419 409 1496 characteribus.
461 1421 652 1496 Naturalia
676 1443 767 1498 vero
793 1421 937 1500 Genera
962 1423 1103 1500 exuste-

40 1543 97 1610 τε,
125 1533 237 1614 atque
265 1518 440 1594 Gramina
464 1539 565 1614 acque
594 1539 636 1596 ac
666 1521 754 1596 aliar
784 1523 925 1618 plancae
954 1519 1103 1598 inesse

40 1617 233 1714 dispono,
259 1632 346 1710 tyro
375 1615 418 1692 fit
448 1615 510 1712 qui
539 1639 617 1694 non
648 1618 838 1722 intelligat.
882 1621 983 1718 ,Quia
1004 1621 1103 1696 enirn

39 1739 113 1792 non
135 1713 262 1806 videt,
290 1735 322 1788 e.
341 1733 376 1810 g.
398 1715 521 1791 Brizuu
544 1715 639 1790 inter
659 1715 718 1807 se,
745 1717 987 1796 &Arundincr
1006 1719 1103 1794 inter

39 1815 73 1890 ie
90 1812 167 1909 ipsa
191 1813 287 1890 facie
304 1823 440 1888 tantam
457 1811 591 1888 habere
610 1811 897 1906 iimilitudinem,
921 1833 960 1890 ut
976 1817 1102 1912 cogni·

40 1929 73 1986 ta
91 1935 164 1986 una
178 1927 310 1988 cetere
325 1931 471 2006 quoque
489 1907 756 2006 cognoscantur
773 1910 936 2006 species?
963 1911 1103 1990 Contra

40 2025 155 2096 autem
191 2011 214 2084 fi
246 2010 438 2096 Arandirrer
472 2007 589 2082 Brizr'r
631 2009 690 2082 vel
719 2011 840 2084 Bricca
871 2009 1101 2086 Arundinidur

40 2108 280 2198 immisceret,
310 2127 421 2183 nemo
444 2119 516 2180 tarn
547 2103 678 2180 crudus
700 2105 819 2194 foret,
846 2107 934 2199 quin
962 2107 1024 2182 has
1047 2107 1101 2180 vi·

42 2207 139 2281 deret
156 2207 353 2302 plurimum
372 2203 586 2298 discrepare.
639 2202 701 2280 Ab
723 2201 832 2278 initio
850 2205 993 2298 quidem
1012 2203 1102 2280 diffi-

41 2305 214 2380 cillimum
230 2303 313 2394 fuit,
333 2303 510 2380 limitibus
532 2300 707 2380 Gramina
729 2301 1022 2378 circumscribere
1049 2315 1102 2378 at

41 2425 105 2494 que
120 2401 369 2498 distinguere,
393 2401 453 2476 sed
476 2399 527 2476 D.
544 2401 694 2502 Proser,
726 2399 787 2496 qui
814 2415 929 2476 totam
953 2401 1101 2498 ponitur

41 2499 254 2574 Botanicarn
271 2498 506 2587 reformavit,
534 2499 616 2574 heic
643 2520 789 2594 quoque
813 2501 950 2595 primus
975 2499 1101 2586 distin·

41 2595 89 2671 tia
108 2596 291 2672 stabilivit
308 2612 462 2694 genera,
486 2596 522 2670 dr
547 2597 673 2674 labore
697 2618 740 2672 ac
765 2597 992 2691 perfectione
1021 2597 1102 2691 pari

40 2693 184 2794 iugulis
209 2693 449 2770 charatterem
477 2693 580 2769 dedit
606 2711 715 2790 atque
742 2707 867 2770 uotam
893 2697 1100 2790 propriamr

40 2806 76 2866 ut
99 2792 264 2888 cognitis
280 2793 393 2866 modo
410 2793 588 2888 partibus,
604 2792 730 2868 eadem
743 2789 921 2866 facilitate
937 2793 1030 2867 hanc
1046 2804 1099 2865 at·

41 2913 103 2982 que
120 2892 212 2964 aliar
227 2891 429 2985 plantarum
447 2889 600 2965 familiae
615 2891 767 2984 quisque
783 2889 1004 2986 cognoscere
1019 2886 1100 2987 pos·

39 2988 95 3064 fir:
119 2989 146 3062 fi
171 3009 265 3060 vero
284 2985 365 3081 quis
383 2985 484 3062 filum
506 2987 580 3062 hoc
599 2986 821 3063 Ariadneum
845 2987 1027 3082 omiserit,
1053 3010 1101 3073 ex

39 3085 108 3160 hoc
139 3085 225 3160 sane
250 3083 480 3178 Labyrintho
506 3087 572 3160 vix
593 3107 635 3160 ac
661 3107 709 3160 ne
728 3085 793 3158 vix
810 3083 952 3180 quidem
975 3085 1010 3160 se
1038 3073 1099 3162 ex·

40 3184 174 3278 pediet.
234 3179 422 3257 Infinitum
447 3181 690 3258 Scheuchzeri
723 3183 760 3257 in
778 3183 1013 3258 Graminibus
1038 3184 1100 3259 dc·

39 3280 274 3356 terminandis
296 3281 456 3354 laborem
480 3281 658 3372 admiror,
685 3280 744 3355 sed
774 3282 913 3356 clavem
944 3281 1021 3373 eiua
1046 3280 1098 3372 diff

39 3379 248 3451 rhotomam
277 3377 448 3450 adhibere
475 3378 638 3473 cupienti
676 3393 735 3454 tot
763 3390 961 3452 occurrunt
986 3379 1097 3469 nodi,

39 3475 355 3569 inprimisnuoad
384 3474 650 3572 longitudinem
682 3479 878 3572 glumarum
913 3475 946 3548 dr
976 3475 1097 3552 arista·

39 3595 139 3664 rum,
174 3587 216 3646 ut
245 3574 309 3646 vix
348 3573 492 3647 credam
524 3595 736 3667 quemquam
769 3573 811 3644 ad
845 3571 955 3646 tinem
981 3595 1097 3668 usque

41 3691 121 3744 rum
154 3669 251 3760 sequi
282 3667 392 3764 poffe.
457 3669 515 3744 Ad
538 3669 783 3744 difficultatem
813 3669 952 3744 hancce
973 3673 1099 3746 levan-

39 3771 132 3846 dam,
157 3767 331 3840 Gramina
353 3767 497 3860 quidem
523 3765 713 3842 secundum
745 3769 931 3843 Metiodurn
956 3771 1097 3844 Lirinen-

38 3889 110 3938 nam
136 3865 196 3946 seu
208 3867 391 3965 serualcrr,
406 3863 540 3940 dudum
555 3865 601 4038 ᾗ
619 3863 770 3962 Systcm.
791 3865 880 3942 Nat.
906 3869 956 3945 D.
978 3869 1098 3962 Prefi-

270 4039 274 4046 .
488 3993 492 4003 ’
625 3985 644 4058 3
1049 3971 1099 4044 dir
