2724 4746
179 113 574 196 ononntsmnrm
605 115 985 200 oncnnnn‘rnm.
1068 123 1117 218 o

150 299 399 396 Opoboisrnrrrrn
419 295 615 470 Ahsdffls
640 297 741 374 ioliir
763 299 946 398 pinnatis:
972 296 1115 374 foliolis

485 417 505 468 e
558 420 567 469 r
596 418 651 471 us.

422 507 1111 683 Belip'pmpmstioiiess'rn.Aipogypten.

523 661 532 682 0
574 633 610 687 0.

419 719 651 806 narrantum„
682 715 808 802 Bellon
832 733 909 802 iter.
925 747 1007 802 tro.

401 833 701 938 ‚opobalsamum
725 837 749 913 s.
770 839 967 916 Beliamum
988 835 1111 938 Judai·

461 955 556 1008 cum.
575 931 701 1032 Geoffr.
713 937 806 1012 Mat.
819 938 915 1014 Meri.
926 961 961 1014 2.
973 953 1012 1036 p.
1023 960 1109 1036 473.

421 1049 564 1126 Habitat
586 1059 622 1128 in
637 1053 811 1132 Arabio·

130 1241 367 1318 ¹Loetrienter
383 1242 460 1318 hec
480 1247 526 1320 ab
544 1245 672 1340 Amyri
692 1249 851 1326 toxiiere
871 1245 1010 1340 differt,
1031 1267 1111 1340 que

49 1343 153 1416 etiarn
171 1341 285 1414 habet
301 1341 390 1416 folia
408 1343 577 1437 pinnata,
604 1347 674 1423 sed„
687 1348 819 1422 foliola
845 1369 921 1421 non
951 1345 988 1421 in
1004 1345 1111 1438 opo·

50 1439 203 1513 balsamo
229 1437 294 1536 (ut
320 1440 357 1513 in
382 1439 560 1533 toxiiera)
584 1443 664 1518 sunt
689 1445 889 1540 petiolrtar
912 1459 953 1520 ut
969 1457 1110 1518 taceam

49 1539 179 1632 longos
204 1535 239 1608 or
265 1539 536 1632 propendentes
554 1541 722 1618 toxifere
738 1565 925 1632 racemos,
948 1561 1041 1629 nec,
1067 1555 1111 1616 ut

49 1633 81 1707 in
106 1633 264 1727 Alpini,
292 1635 532 1727 panicuiatos.
582 1639 728 1714 Foiiole
753 1641 917 1732 alioquin
943 1637 1110 1733 Opobal-

49 1731 126 1806 iami
163 1755 277 1825 parva
309 1731 390 1808 sunt
419 1735 453 1808 ir
478 1737 715 1829 precedentis
744 1739 898 1814 fonnem
932 1737 1107 1812 retinent.

50 1831 202 1904 Videbit
227 1829 323 1902 forte
348 1830 561 1924 posteritas,
587 1857 633 1910 on
660 1835 811 1930 Amyrit
837 1833 960 1910 nostro
983 1833 1107 1908 Giieo·

48 1927 181 2016 densis,
217 1927 328 2002 novis
361 1923 622 2024 propaginibus
654 1935 857 2026 producere
890 1927 996 2024 poiirt
1015 1929 1109 2006 sotir

49 2027 222 2118 pinnata,
246 2025 362 2098 othe
386 2025 464 2102 due
487 2029 524 2102 in
549 2047 659 2104 unam
675 2037 835 2120 coeant,
859 2041 1030 2118 tanquam
1045 2048 1108 2104 va·

47 2123 207 2197 rietater.
260 2122 348 2199 Hoc
367 2123 463 2198 enirn
489 2139 629 2202 certum
646 2125 847 2222 est,·quod
864 2123 955 2200 folia
979 2124 1108 2218 pinne·

51 2233 82 2292 tr
111 2220 146 2292 ot
175 2237 320 2294 temate
351 2221 443 2296 odeo
475 2223 544 2298 fint
575 2240 755 2322 cognate,
795 2237 837 2300 ut
861 2243 990 2298 omnes
1030 2219 1108 2296 iere

49 2320 177 2412 plante
193 2317 296 2392 foliis
316 2316 489 2412 pinnatis,
514 2323 629 2416 prime
653 2321 859 2418 producant
878 2321 968 2398 folio
988 2333 1108 2396 terne·

49 2427 91 2488 tn
144 2416 234 2490 Hoc
251 2437 343 2488 vero
360 2415 383 2490 fi
401 2419 589 2508 evenerit,
614 2421 747 2518 Figura
764 2419 894 2516 Alpini
912 2418 1018 2493 vaide
1036 2417 1108 2492 erit

48 2513 150 2602 ialin,
182 2513 247 2586 ubi
287 2513 397 2588 flores
437 2514 920 2614 corymbosopeniculntoe
946 2515 1108 2592 delineet

49 2613 88 2682 ad
114 2611 386 2686 extremitatem
416 2615 541 2688 caulis.
597 2615 656 2690 nd
685 2637 791 2710 quam
814 2615 1034 2710 opinionem
1057 2633 1106 2688 eo

48 2707 186 2784 facilius
203 2709 359 2784 inclinat
378 2711 533 2801 animur,
551 2712 649 2806 quod
664 2713 824 2808 Alpinus
845 2713 942 2788 unde
955 2710 1107 2806 figurem

50 2805 138 2880 suam
161 2804 346 2896 sumserit,
374 2829 450 2884 non
470 2823 596 2904 aperte
615 2811 762 2888 indicet
795 2811 945 2886 Verbo:
968 2805 1105 2884 iruiiur

50 2903 194 2980 Baiiami
234 2905 508 3001 giieadenfis&
550 2908 792 3004 Opobalsami·
818 2907 946 3002 Alpini
979 2903 1106 2981 existe

50 3001 176 3093 iidem,
210 3000 343 3080 foiiola
378 3003 572 3095 fimillima;
604 3007 791 3102 utriusque
814 3027 964 3102 gemme
989 2999 1104 3078 Bolse-

49 3102 194 3179 misere.
227 3099 445 3176 Veroiirniie
462 3103 620 3187 videtur,
635 3105 746 3180 flores
762 3125 944 3198 nunquam
961 3101 1104 3196 Alpino

48 3197 163 3290 visor,
200 3197 259 3272 sed
285 3200 410 3294 potius
445 3223 491 3276 ex
522 3204 704 3278 relatione
731 3203 885 3276 aliorum
918 3197 1103 3292 ndposrtor

49 3295 155 3394 iuiiie.
210 3297 309 3371 Hinc
325 3299 598 3388 concludimus,
626 3301 686 3375 vei
708 3297 777 3374 eise
796 3313 984 3390 utramque
1002 3293 1104 3388 pinn-

50 3409 117 3468 trm
136 3395 246 3470 unius
263 3395 495 3490 ejusdemque
508 3395 654 3492 speciei,
670 3399 729 3472 vel
747 3397 989 3472 differentiam
1009 3391 1103 3468 odeo

49 3513 217 3586 parvam,
245 3507 287 3566 ut
310 3491 406 3568 inter
428 3493 628 3588 Jrrminum
653 3493 835 3570 officineie
855 3493 889 3568 ot
906 3489 1102 3590 grandiflo·

50 3613 144 3682 mm,
182 3591 246 3664 vel
282 3589 380 3664 inter
412 3589 594 3690 Nigeiinm
632 3589 817 3668 erveniem
856 3592 890 3666 ἀ
929 3589 1100 3676 iativrmr

51 3705 233 3786 utramque
268 3685 472 3783 producere
512 3690 609 3766 idern
643 3689 841 3770 naitanum
872 3688 1004 3784 maiori
1039 3687 1102 3762 vel

50 3787 173 3864 minori
203 3785 330 3882 copie.
807 3860 812 3868 .

287 3932 292 3944 ·
556 3895 590 3974 E
617 3919 637 3994 3
991 3889 1098 3971 CAP.
