2688 4752
259 209 331 282 114
353 177 733 298 EUNDAMENTA
757 174 1211 258 ORNITHOLOGICA.

356 458 529 538 Sceleton
543 458 681 551 avium,
698 457 1129 549 moreAnatornicosum‚
1141 454 1286 532 dividit

259 565 300 642 in
321 567 426 659 Cuput
455 563 533 634 colis
553 563 765 656 petioiutum,
799 557 964 632 Truncum
992 557 1156 630 &Artos
1179 581 1219 630 ex
1235 561 1316 632 uiis

253 665 391 764 pedibus
408 661 451 746 ἐφ’
466 665 632 754 urspygis.
683 656 777 730 Avis
794 653 868 729 duo
885 653 1017 730 babeat
1030 654 1219 751 gravitatis
1237 676 1329 730 cerr

258 776 338 851 tra,
369 754 509 832 necelle
537 753 611 846 est,
633 777 745 830 unum
774 754 908 828 alarum
935 773 1038 848 ergo,
1061 752 1143 826 dum
1163 752 1321 825 volitat

259 849 488 946 alterumue
508 853 660 928 interra
677 852 848 926 cursitans
865 850 1036 924 vacillet:
1055 872 1157 944 quam
1175 852 1226 922 ob
1244 872 1299 924 re

263 960 390 1033 Collum
414 953 452 1027 in
468 951 613 1025 Avibus
629 953 860 1046 elongatum,
885 948 984 1042 quod
1005 971 1074 1042 pro
1095 963 1238 1020 renata
1267 971 1330 1024 ex

258 1052 449 1152 porrigere
474 1049 509 1126 ts
530 1049 717 1124 refleilere
743 1046 898 1142 poliunt.
951 1049 1103 1120 Sternunt
1122 1046 1190 1120 illis
1208 1049 1329 1121 maxi

259 1173 320 1230 rue
350 1149 574 1238 carinarum,
612 1170 659 1222 ne
690 1170 736 1221 ex
765 1145 841 1219 alto
870 1143 904 1219 se
929 1143 1161 1220 demittentes
1188 1143 1226 1217 in
1263 1145 1295 1218 d

259 1252 361 1328 riora
389 1248 527 1341 quevis
557 1245 713 1337 subjella
742 1265 900 1338 corpora
918 1243 1080 1317 thoracis
1103 1264 1183 1316 cum
1208 1243 1328 1318 lael'so

260 1372 309 1428 ne
340 1346 554 1439 impingant.
617 1343 771 1415 Viribus
807 1341 1006 1415 &robore
1042 1342 1164 1413 valere
1197 1362 1334 1416 earu.

260 1445 446 1545 precipue
475 1439 655 1534 partium,
690 1440 820 1531 quibus
846 1438 1063 1533 potillimum
1093 1449 1245 1512 utuntur
1284 1440 1329 1514 se

261 1557 339 1620 met
368 1540 407 1613 in
431 1545 514 1610 aere
541 1536 749 1610 motitando
777 1535 812 1609 u
835 1536 1038 1628 vibrando,
1062 1557 1126 1630 per
1150 1534 1310 1630 se2pate

262 1640 365 1718 Hinc
386 1635 502 1710 totius
525 1633 656 1727 reliqui
676 1634 845 1728 corporis
865 1649 966 1708 tanta
983 1633 1224 1708 musculorum
1240 1658 1329 1712 nus

260 1758 372 1833 quam
393 1731 446 1806 est
470 1729 697 1825 praestantia,
723 1747 917 1826 tantusque
937 1754 1129 1824 numerus,
1152 1749 1329 1826 quantus

263 1834 413 1911 unicum
431 1833 648 1904 struthionem
665 1831 894 1905 cursitantem
916 1829 939 1904 ss
961 1830 1169 1925 exceperis,
1187 1831 1232 1903 ad
1240 1835 1332 1926 ster

263 1958 354 2013 num.
413 1929 543 2005 Thorax
570 1928 715 2026 obtegit
738 1929 929 2003 maximam
945 1943 1083 2024 partem
1105 1929 1331 2005 abdominis

263 2030 432 2110 Aldsmen
456 2038 660 2122 aperturam
686 2027 796 2102 habet
816 2027 975 2116 unicam,
998 2047 1070 2101 ano
1100 2026 1134 2099 dt
1158 2029 1328 2122 genitali

264 2131 333 2207 bus
365 2147 609 2203 communem.
659 2124 779 2200 ALAE
814 2147 860 2200 ex
896 2125 1049 2221 pedibus
1080 2125 1344 2200 anterioribu

264 2250 349 2305 eum
380 2226 418 2298 in
452 2221 601 2296 modum
629 2222 820 2313 formate,
854 2237 896 2298 ut
924 2223 1077 2318 primum
1107 2223 1149 2296 fit
1178 2247 1213 2296 ss
1239 2225 1323 2298 Br

263 2332 328 2402 ciii
346 2324 578 2416 elongatum,
604 2317 703 2412 quod
723 2320 913 2414 excipiunt
929 2322 1004 2394 duo
1027 2320 1100 2394 olla
1121 2324 1231 2396 Culiti
1251 2345 1343 2416 par·

265 2422 371 2496 allela
401 2417 526 2490 itidem
557 2418 749 2513 elongata,
777 2417 874 2492 hisce
906 2420 992 2493 bina
1022 2417 1094 2492 olla
1125 2424 1226 2516 Carpi
1249 2445 1343 2514 par.

266 2519 372 2595 allela
395 2513 619 2606 brevillima,
645 2513 803 2609 denique
829 2514 902 2591 olla
925 2517 999 2591 duo
1023 2517 1224 2591 mediocria
1249 2542 1343 2611 par·

266 2615 373 2692 allela
401 2611 627 2688 &connexa
655 2614 865 2712 Metucurpi,
895 2637 973 2709 quae
997 2615 1239 2690 terminantur
1262 2620 1343 2694 Di·

263 2721 329 2812 giti
347 2709 477 2787 ollibus
492 2709 635 2786 duobus
652 2713 859 2802 concretis,
885 2713 1086 2807 parallelis,
1111 2719 1343 2809 artenuatis,

265 2809 522 2906 inaequalibus:
550 2810 666 2884 altero
688 2812 826 2905 maiore
848 2811 1104 2900 biarticulato,
1126 2814 1246 2884 altero
1269 2818 1343 2888 rni-

267 2922 385 2998 nuto,
411 2929 489 3000 qua
510 2906 733 3001 coniuniiim
754 2931 866 2984 unum
890 2908 1014 2983 sistunt
1038 2909 1201 3004 digitum.
1252 2911 1343 2988 Hu

266 3003 392 3104 jurad
416 3005 511 3080 basin
532 3006 776 3100 superiorem,
810 3007 855 3079 ad
884 3008 981 3080 basin
1008 3022 1095 3102 puta
1113 3009 1343 3108 Μεηκιινρι·1

266 3102 434 3182 inseritur
459 3103 595 3192 Pollex,
625 3106 685 3197 qui
705 3103 798 3180 baud
814 3126 898 3179 raro
918 3103 1060 3178 duobus
1079 3106 1171 3198 quast
1186 3105 1343 3204 digitis,

269 3204 393 3280 Pollice
414 3199 448 3273 bt
468 3201 579 3275 Indice
593 3200 707 3292 fimul,
724 3204 877 3277 multum
895 3203 982 3276 licet
1000 3201 1220 3292 obliteratis,
1236 3227 1342 3282 con·

266 3300 360 3376 stare
378 3297 535 3373 videtur.
585 3299 741 3374 PEDES
759 3316 1033 3397 componuntur
1051 3303 1168 3395 primo
1186 3323 1233 3374 ex
1258 3307 1342 3380 olle

268 3400 412 3475 Femoris
429 3395 462 3470 ds
478 3395 574 3471 binis
587 3402 780 3473 cruralibus
794 3400 931 3494 (altero
948 3393 1128 3488 setaceo),
1143 3422 1222 3492 quae
1234 3423 1342 3480 con·

265 3496 417 3590 junilitu
447 3497 701 3570 communibus
731 3498 875 3572 Funeris
911 3496 1079 3571 musculis
1105 3497 1342 3592 vestiuntur,

265 3593 319 3667 ita
344 3606 385 3666 ut
410 3591 529 3666 Fesrrur
558 3594 592 3666 dr
621 3595 716 3668 Tibia
743 3596 780 3670 in
802 3596 858 3669 his
881 3617 957 3669 uno
978 3594 1007 3668 F
1010 3596 1144 3669 emotis
1172 3600 1342 3674 nomine

264 3690 524 3786 insigniantur,
545 3691 640 3766 haud
659 3691 758 3766 secus
780 3715 822 3766 ac
840 3695 878 3768 in
898 3694 1006 3790 Equis
1024 3691 1059 3768 dt
1076 3697 1196 3767 Bolus.
1245 3696 1342 3771 Tar-

257 3789 323 3888 sus
346 3810 438 3862 vero
467 3789 518 3862 est
542 3792 754 3886 elongatus,
787 3791 965 3865 macer&
989 3791 1198 3865 tendinibus
1220 3796 1342 3871 obte

266 3885 357 3981 tius,
376 3901 482 3980 quem
498 3885 662 3964 sermone
680 3889 896 3982 quotidiano
921 3889 1047 3966 Tilion
1064 3901 1213 3970 vocant.
1253 3891 1342 3970 Ob

1266 3989 1342 4069 ser
