2716 4748
309 179 449 258 cuna
493 137 792 262 causantis.
1005 205 1076 280 su

168 461 289 536 edicius
304 483 366 536 non
381 461 425 555 est
442 457 726 556 ingenitium,
742 459 805 557 sed
827 466 978 558 temporis
988 457 1079 554 filia,

191 558 316 654 prouti
344 573 518 654 peracute
550 556 722 632 dixerunt
746 572 901 634 veteres.
963 557 1082 632 Rorna

37 607 66 702 1
192 655 670 732 unadienonestcondita.
718 655 774 730 Ut
786 677 850 746 arx
864 655 1080 746 exstruatur,

36 752 127 824 nulti
160 773 381 829 concurrere
414 753 569 840 debent;
606 753 748 848 quidam
782 767 1010 846 occupantur
1042 753 1082 830 in

37 851 143 944 argilla
160 851 431 946 depromenda,
455 851 516 926 alii
531 852 662 926 lateres
680 867 865 944 coquunt,
882 853 1003 944 plures
1020 871 1081 946 pa·

37 947 132 1022 rietes
153 949 315 1038 struunt,
347 950 516 1026 nonnulli
539 948 715 1025 interiora
740 947 929 1024 adornant.
980 948 1082 1030 ldern

39 1046 124 1118 valet
142 1048 187 1122 de
206 1047 418 1138 Medicina,
442 1049 546 1142 cujus
563 1045 803 1142 necessitatem
824 1046 948 1142 srnguli
969 1067 1082 1142 egro·

38 1145 176 1220 nntium
202 1144 422 1238 admittunt,
446 1165 624 1241 quamque
650 1143 929 1241 perscdlillinram
953 1165 1082 1218 ornnes

39 1257 257 1336 exoptarent,
275 1263 357 1318 curn
376 1245 539 1318 ornnlunr
556 1241 831 1337 praestantisfirna
848 1243 916 1318 hac
931 1240 968 1316 in
987 1263 1084 1317 rnor-

39 1341 163 1414 tslitste
176 1341 219 1417 srt
235 1339 378 1414 sanitas.
415 1341 515 1416 Hinc
533 1341 716 1416 aClinicis
731 1353 789 1414 tot
806 1339 1083 1428 observationes

38 1434 194 1514 babemus
224 1437 395 1512 colledlas
429 1439 467 1514 in
497 1437 706 1534 sepulcretis
735 1440 770 1512 dt
798 1437 884 1514 auis
919 1436 1084 1514 scientia·

40 1553 125 1628 rum,
162 1551 204 1611 ut
231 1537 308 1612 fere
337 1539 525 1632 plusquam
557 1537 713 1613 bumana
741 1557 820 1628 reqr
838 1537 946 1612 'atur
981 1534 1084 1610 indu-

41 1630 130 1725 stria,
157 1657 234 1729 quae
263 1633 388 1710 iisdern
418 1633 635 1732 legendis&
661 1635 698 1709 in
729 1633 834 1710 ordin
876 1659 894 1708 r
921 1632 1084 1728 redigen·

43 1728 158 1825 dispar
172 1733 282 1806 foret.
333 1731 540 1822 Andronici,
561 1733 764 1829 Plry'ssolrgr',
785 1733 967 1826 Parnugr,
985 1733 1083 1806 Botu-

41 1835 95 1901 rr'ci
114 1831 146 1902 u
173 1835 313 1906 Cherusci
336 1831 436 1906 inid
461 1831 681 1920 incubuere,
708 1843 749 1904 ut
768 1853 788 1904 a
807 1831 921 1926 priori
941 1829 1084 1904 inveni·

41 1927 524 2021 rentprincipiaMedicinoe.
578 1925 816 2022 Longifflme,
836 1927 976 2017 fatcor,
999 1948 1084 2021 pro·

45 2024 125 2116 grelfi
148 2025 227 2100 sunt
252 2025 321 2100 hac
351 2027 388 2102 in
411 2047 474 2118 re,
503 2023 799 2118 prestantissimae
828 2025 1001 2098 veritates
1024 2023 1085 2096 de·

45 2123 202 2216 tegendo,
233 2145 312 2217 que
337 2123 434 2198 aetati
461 2121 592 2198 nostra
617 2121 811 2216 plurimum
835 2121 928 2196 lucis
956 2121 1084 2194 attule-

44 2234 124 2294 runt.
171 2221 257 2296 Nec
279 2243 374 2296 vana
402 2221 455 2295 est
476 2220 708 2314 conjesiura,
734 2217 863 2294 alsrdua
889 2219 953 2294 tali
978 2239 1085 2292 ernu-

45 2314 164 2392 latione
177 2317 346 2413 posteros
360 2319 454 2394 diern
474 2319 624 2412 propius
640 2317 887 2412 adspesturos3
909 2317 967 2394 sed
985 2315 1087 2392 snnul

46 2435 180 2506 vereor,
206 2441 256 2492 ne
285 2416 399 2492 indoli
428 2439 545 2491 rerum
570 2417 794 2510 physicarum
814 2429 1014 2512 repugnet,
1041 2415 1086 2488 de

47 2503 154 2588 iisdem
171 2516 280 2590 unice
302 2539 322 2588 a
348 2515 463 2610 priori
484 2515 708 2589 ratiocinari.
757 2513 897 2607 Fuere,
923 2515 984 2606 qui
1005 2513 1085 2588 Me·

45 2609 181 2693 dicinarn
223 2613 356 2687 ordine
390 2613 618 2706 systematico
655 2611 797 2686 tradere
831 2611 955 2686 conati
992 2608 1085 2685 sunt.

51 2707 171 2784 Galenus
195 2710 345 2804 systema
371 2711 567 2786 Medicinae
591 2709 824 2802 superstruxit
846 2707 1087 2801 Philosophia

46 2803 293 2898 Aristotelicas,
320 2808 495 2884 assumens
520 2820 677 2900 quatuor
702 2809 905 2898 elementa,
925 2809 1085 2892 cuum,

43 2899 206 2996 frigidum,
232 2912 396 2982 humidum
413 2907 446 2980 &
454 2906 601 3004 fictum,
625 2905 756 2998 quibus
771 2905 927 2979 totidem
947 2903 985 2980 in
1004 2924 1088 2978 cor·

48 3017 124 3088 pore
143 3003 301 3078 lsurnano
325 3003 585 3098 responderent
609 3017 905 3096 temperamenta.
957 3001 1087 3076 Cuivis

48 3115 125 3170 vero
143 3101 270 3178 horum
298 3103 380 3176 suos
408 3101 592 3175 tribuebat
612 3101 764 3196 gradus,
789 3101 985 3192 exquibus
1014 3120 1087 3174 rne-

47 3191 231 3274 dicamcnta
262 3200 575 3294 dijudicabantur,
608 3197 829 3274 &distinsta
857 3197 1000 3272 suntin
1031 3219 1088 3270 ca·

48 3289 128 3380 lida,
147 3297 297 3393 frigida,
320 3297 463 3372 humida
481 3297 515 3370 u
531 3297 642 3385 ficca,
662 3296 790 3390 primi,
817 3294 960 3370 secundi
980 3305 1088 3387 atque

49 3391 132 3464 tertii
156 3397 295 3488 gradus.
346 3397 514 3488 Astrologi
529 3397 679 3469 morbos
695 3393 902 3469 derivantes
920 3413 965 3466 ex
984 3393 1089 3466 influ-

48 3501 87 3557 xu
105 3488 310 3579 Astrorum,
337 3495 600 3566 medicamenta
622 3491 793 3586 simplicia
820 3493 942 3584 inepte
966 3490 1089 3564 secun·

49 3579 118 3658 dum
145 3589 232 3664 astra
261 3590 476 3686 disposuere.
526 3595 711 3684 signatores
743 3589 953 3682 querebant
982 3589 1019 3662 in
1048 3585 1089 3662 fr-

50 3698 123 3768 gura
145 3687 177 3760 dt
200 3691 327 3762 colore
350 3689 561 3783 simplicium
579 3687 795 3783 potentiam.
847 3687 1029 3762 Hrrmrticl
1043 3707 1090 3758 ex

52 3779 150 3856 tribus
182 3785 250 3860 suis
284 3787 495 3873 elementis,
528 3789 618 3879 sale,
649 3783 1089 3876 sulphure&mercurio‚
1200 3866 1204 3873 .

50 3880 184 3956 morbos
209 3886 364 3982 produci
389 3897 572 3980 putarunt
626 3887 764 3980 Sylvius
791 3903 882 3960 vero
908 3903 989 3958 cunr
1003 3878 1089 4052 aspis

1052 3999 1086 4050 e.
