2724 4746
274 209 482 296 manno
508 205 860 294 numentanus.
1040 237 1089 318 u
1197 139 1212 276 Ϊ

38 393 139 474 cloria
155 405 341 488 tem,
363 393 426 470 vel
448 395 544 470 aluta
563 393 801 472 foraminibus
820 395 1024 494 perforata,
1047 411 1091 474 ut

38 497 124 570 a'e‘ric
152 493 253 568 liber
279 491 323 566 lit
350 491 481 568 aditur.
549 495 692 596 Quarto
724 507 842 570 autem
871 495 1005 588 quovis
1030 493 1092 570 die

37 613 123 686 equa
141 589 343 680 mutanda,
368 591 563 684 adeatque
590 609 667 662 non
692 591 799 666 nimis
822 593 948 686 frigida
974 589 1092 668 affun-

37 689 170 784 denda,
211 707 264 760 ne
294 686 391 762 suam
429 689 598 764 amittant
627 685 824 763 Hirudlnea
855 691 1090 772 alacritatem.

38 789 106 863 Vir
119 787 227 860 enim
244 797 310 858 aut
328 803 374 858 ne
393 785 458 860 vla
478 783 623 878 quidem
647 783 684 860 in
709 807 840 880 promo
863 789 973 864 nauli
1001 799 1093 864 tem·

38 907 120 982 pore
147 881 316 977 hyemali
343 893 561 974 occurrunt,
593 895 784 976 antequam
810 905 902 979 aqua
925 897 1092 990 tempore

38 981 174 1058 vernali
199 975 347 1054 calefiat
363 979 425 1054 vel
439 977 559 1054 saltem
577 981 734 1052 acalore
754 979 839 1056 solie
856 993 1088 1078 temperetur.

37 1081 208 1166 vin-mn,
232 1073 617 1170 inqnoasierventpr‚
643 1075 791 1152 subinde
807 1067 1010 1174 exponatur
1023 1077 1091 1156 soil

38 1177 268 1266 meridiano,
303 1187 344 1248 ut
367 1173 561 1249 alacriores
589 1173 767 1260 evadant;
798 1175 980 1251 Nonnulli
1002 1197 1093 1252 coo·

38 1275 215 1364 tendunt,
240 1267 374 1346 debere
387 1269 586 1346 Hirudinea
602 1291 732 1346 cruore
755 1271 824 1363 ali,
845 1273 984 1348 recenti
1001 1293 1092 1366 aqua

39 1371 265 1455 commixtae
302 1382 454 1444 atvero
484 1387 530 1442 ex
559 1365 873 1446 observationibua
895 1369 986 1446 Dani
1014 1369 1092 1446 SA·

38 1463 279 1545 tomorlls
293 1465 479 1554 novimus,
504 1481 569 1560 per
586 1465 765 1562 integrum
785 1467 987 1558 biennium,
1011 1467 1092 1544 illae

39 1563 249 1642 conservari
270 1561 371 1658 posse
396 1563 434 1638 in
459 1563 533 1638 sola
553 1583 655 1656 aqua.
705 1561 754 1638 Et
777 1565 949 1660 quoniam
971 1585 1018 1638 eo
1040 1567 1092 1640 ci·

39 1666 107 1738 tine
130 1675 259 1737 cotem
278 1671 472 1756 appetant,
499 1659 660 1734 saminua
682 1657 843 1737 saturne
866 1662 927 1739 vel
953 1663 1092 1738 fameli-

39 1783 86 1834 ω
108 1757 294 1848 existant,
316 1773 402 1832 ante
422 1755 703 1852 applicationem
728 1757 801 1834 vai
825 1759 948 1834 vitreo
971 1780 1092 1836 vacuo

39 1950 672 2032 n

487 2049 523 2142 §.
574 2045 646 2120 Vl.

131 2141 238 2222 Dum
255 2140 301 2220 ad
314 2139 413 2218 usum
431 2139 467 2218 dt
485 2141 768 2238 applicationem
790 2141 969 2220 vocando
990 2143 1093 2238 sunt,

41 2265 119 2342 para
139 2243 205 2319 iila
222 2239 412 2338 corporis,
437 2241 495 2318 cui
510 2240 705 2321 admovere
725 2241 868 2316 medena
882 2239 1047 2338 placcat,
1071 2265 1095 2320 a

42 2342 207 2420 hcdilaoa
233 2337 410 2427 omnino,
433 2337 626 2434 presertim
647 2337 785 2416 sudoria
807 2336 997 2431 salsedine,
1023 2341 1098 2418 erit

42 2443 175 2516 libera:
211 2449 290 2511 turn
313 2433 410 2510 enirn
436 2433 462 2511 si
485 2435 659 2511 semeliae
685 2435 775 2528 lint,
808 2435 882 2514 line
906 2457 1009 2518 mora
1031 2459 1094 2514 ro-

41 2539 151 2614 strum
180 2527 337 2634 infigunt
365 2530 544 2630 &sugere
567 2531 770 2628 incipiunt3
802 2533 966 2628 livero,
997 2535 1036 2612 in
1057 2531 1094 2612 se

42 2631 259 2730 adigendo,
290 2627 467 2704 tardiores
488 2629 589 2718 sunt,
612 2631 719 2724 juvat
742 2629 999 2726 aliquantulum
1019 2629 1095 2710 san·

42 2731 162 2829 guinis
190 2728 254 2802 vel
280 2725 382 2802 laiiia
409 2726 574 2818 illinere,
611 2737 675 2801 aut
704 2739 825 2807 cutem
850 2725 1097 2822 superficiario

40 2831 196 2903 vulnere
234 2823 419 2915 incidere,
460 2836 503 2898 ut
531 2823 724 2918 pauculum
752 2823 933 2922 sanguinis
965 2839 1094 2919 exeat,

44 2939 103 3001 aut
116 2923 328 3000 saccharum
345 2939 438 3016 aqua
456 2917 610 2996 solutum
635 2921 712 2998 cuti
731 2919 918 3022 inungere.
967 2922 1097 3018 Appli-

44 3023 144 3100 tatio
176 3019 373 3096 eamndena
410 3015 690 3096 commodiiiime
723 3029 787 3096 aut
815 3041 881 3118 per
907 3017 1096 3098 srustulum

42 3117 230 3197 arundinis
251 3114 366 3194 fiss'um
389 3115 617 3209 instituatur,
640 3131 682 3192 ut
705 3116 794 3193 loeo
817 3117 911 3194 cutia
940 3117 1096 3192 destina·

42 3233 80 3292 to
97 3215 267 3292 adhiberi
296 3213 423 3310 potiit,
450 3227 514 3291 aut
540 3213 578 3290 in
602 3217 792 3292 cannulam
816 3215 1000 3311 injiciatur
1021 3234 1096 3289 me-

40 3316 226 3404 tallicam,
250 3333 328 3406 que
342 3311 490 3388 minime
507 3313 692 3388 eorrolivo
710 3313 752 3389 lit
766 3313 841 3390 live
856 3313 1013 3406 septica,
1037 3307 1098 3386 sed

43 3435 119 3508 quaa
154 3409 318 3508 apprime
348 3409 597 3526 conveniens,
623 3410 788 3505 capitulo
818 3407 863 3484 ad
891 3423 1011 3484 cutem
1036 3407 1098 3484 ad·

41 3525 189 3696 ἕξις,
203 3505 462 3680 ffgll‘iielinffg
468 3503 919 3700 ’coenugreffeentgffltlursstttt
930 3503 1099 3702 ffirgqplaernti

42 3700 591 3798 deliinatatadrnovertpoffint
982 3739 987 3746 -

132 3895 212 3978 Pto
235 3795 739 3996 mammosa-affine,
776 3851 1099 4088 qumumffl
