2716 4748
277 198 346 294 368
569 186 708 272 CURA
743 192 1042 270 GENERALIS.

277 378 346 451 lom
381 374 573 468 petendam
604 395 650 450 ex
678 373 876 448 Radicibus
902 373 939 447 dt
960 373 1093 448 Herbis
1127 373 1328 465 Oleruceis,

276 469 465 566 Frublibus
484 473 638 561 horaeis,
661 472 879 566 J'usculisque
899 471 1299 566 oleoso-mucilaginos
1319 529 1327 546 .

277 571 417 644 Contra
440 570 463 644 sr
490 571 729 644 excretiones
751 571 787 643 in
816 568 957 643 deletio
982 587 1156 663 peccant,
1183 571 1329 664 agrique

277 667 479 744 Oedernate
510 671 570 740 vel
603 669 783 762 Hydrope
813 667 1077 756 intumescunt,
1108 670 1328 751 conveniunt

276 765 445 839 alimenta
455 764 561 859 fisca,
583 789 737 860 quorum
757 765 925 858 princeps
944 765 995 838 est
1017 766 1120 858 panis
1138 766 1328 854 biscodtus,

275 861 481 956 conjunilis
511 864 577 953 iis,
617 886 694 956 quar
728 864 958 950 excretiones
987 861 1203 955 proritando
1238 863 1328 938 simui

274 962 316 1034 vi
349 962 613 1036 corroborandi
638 963 802 1056 polient3
836 963 939 1050 cuius
963 960 1097 1034 indolis
1126 959 1208 1036 sunt
1233 961 1327 1036 ficet.

275 1059 312 1134 Si
341 1079 475 1150 coruus
503 1059 617 1134 nimio
647 1057 779 1131 Calore
805 1056 1036 1134 incanduerit
1060 1073 1165 1132 motu
1196 1060 1326 1134 est-vel

275 1157 445 1246 interno,
477 1157 703 1250 experientia
720 1155 884 1246 constat,
905 1157 1076 1230 humores
1097 1156 1234 1233 inutali
1256 1156 1327 1232 casu

274 1254 426 1328 crustam
448 1253 664 1328 contrahere
687 1254 1031 1342 inflammatoriam,
1050 1253 1216 1348 adeoque
1232 1255 1326 1330 acida

275 1351 450 1440 indicari,
483 1352 710 1426 manifestum
738 1349 809 1435 est,
849 1373 1003 1443 quorum
1032 1351 1151 1426 virtus
1186 1351 1326 1448 refuge

273 1469 356 1524 rans
373 1450 406 1521 dt
422 1462 615 1524 attenuans
628 1451 680 1524 est
697 1447 886 1524 notissima.
923 1448 960 1520 Si
980 1471 1070 1522 uero
1088 1449 1233 1524 Aridum
1252 1469 1324 1524 eur·

275 1564 350 1618 tum
375 1546 417 1618 fit
448 1548 601 1620 ex=vita
630 1547 827 1621 sedentaria
856 1546 985 1620 aliisve
1015 1545 1159 1632 caussis,
1207 1545 1324 1622 iufriu

273 1643 430 1738 gendum
449 1645 587 1720 Amoris
608 1645 765 1733 tunicis,
793 1666 871 1738 que
891 1645 1082 1738 multiplici
1102 1645 1166 1718 usu
1183 1644 1219 1716 se
1234 1666 1324 1718 com·

270 1742 486 1816 mendarum
505 1743 541 1823 in
559 1742 721 1818 febribus
740 1743 1087 1833 intermittentibus,
1113 1742 1323 1834 Artbritide,

273 1836 476 1926 Cachexia,
505 1840 610 1912 Maio
632 1839 959 1932 hypochondriaco
981 1840 1047 1912 dte.
1098 1839 1174 1912 Ubi
1203 1839 1323 1914 burno·

271 1957 330 2011 res
354 1959 444 2009 acres
470 1937 645 2010 contrarii
677 1937 757 2011 sunt
783 1959 829 2012 ex
860 1937 995 2032 vigiliis
1024 1937 1145 2012 nimiis
1172 1935 1208 2010 dt
1233 1939 1321 2020 lucu·

268 2035 522 2126 litationibus,
544 2035 744 2110 adhibenda
758 2036 895 2131 pinguia
910 2034 1154 2109 obtundentia
1168 2035 1204 2108 u
1220 2035 1321 2112 emni-

271 2131 418 2204 lientia:
447 2132 617 2225 viciffim,
650 2128 776 2226 siquis
806 2131 935 2224 obesus
963 2133 1100 2208 Hernia
1122 2134 1189 2206 &c
1218 2133 1319 2208 miur-

272 2227 354 2319 t'ur,
387 2233 462 2303 vim
487 2231 659 2304 medicam
683 2231 875 2326 porrigunt
893 2230 1059 2326 styptica,
1093 2229 1320 2322 qua-iuerat·

270 2323 349 2400 sant
373 2327 504 2418 fluida,
530 2328 803 2424 &adstringunt
822 2326 944 2403 solida.
994 2329 1118 2402 Macie
1137 2345 1321 2422 correptus

189 2431 196 2438 '
272 2423 442 2496 adhibeat
470 2425 662 2500 dulcedine
694 2425 913 2516 nutrientia,
949 2447 1029 2501 cum
1063 2443 1193 2502 contra
1223 2427 1320 2520 poly-

270 2515 383 2593 sarcia
418 2522 585 2596 laborans
612 2523 682 2598 suis
712 2523 955 2596 incommodis
983 2525 1158 2598 liberetur
1184 2525 1320 2601 teribus

269 2615 463 2694 &amaris
516 2620 732 2711 Pituitosus,
758 2621 818 2713 qui
844 2620 1047 2709 Asthmati,
1071 2619 1321 2699 Anorexiedt

270 2717 407 2793 morbis
437 2718 617 2810 soporosrs
643 2719 826 2792 obnoxius
854 2717 926 2810 eil,
954 2733 994 2792 ut
1017 2720 1210 2812 plurimum
1234 2741 1255 2793 a
1278 2719 1320 2794 ir·

267 2815 355 2888 linis
383 2833 489 2910 opem
516 2816 744 2908 exspeitabit.
797 2817 870 2919 Qui
896 2838 988 2890 uero
1019 2817 1222 2893 acrimonia
1243 2817 1316 2892 Mu·

269 2913 418 2999 riatica,
443 2913 656 3003 doloribus,
680 2914 845 3008 spasmis,
875 2915 1041 3005 calculo,
1072 2913 1318 3008 stranguria&

269 3007 520 3083 obstruiiione
546 3013 619 3084 aivi
649 3035 694 3084 ex
726 3010 825 3084 fibris
848 3011 995 3105 rigidis,
1027 3011 1254 3104 afficiuottu,
1285 3011 1319 3084 iu

267 3103 368 3180 vitiu
390 3106 423 3177 dr
444 3129 551 3200 cura,
575 3108 860 3206 mucilaginofis,
885 3125 1013 3184 natura
1037 3109 1248 3202 ditlitaute,
1270 3107 1318 3184 uti

267 3219 474 3278 monentur.

278 3354 280 3363 ,
365 3301 586 3377 Attentione
602 3306 687 3379 binc
708 3302 939 3400 digniffimum
958 3304 1031 3396 eil,
1054 3305 1176 3399 quod,
1202 3323 1316 3398 quem

269 3399 461 3474 admodum
486 3402 645 3495 quinque
664 3404 776 3493 vitia,
794 3425 876 3476 cum
900 3403 968 3476 suis
986 3403 1185 3498 oppositis,
1206 3404 1317 3497 oleru

268 3519 420 3590 rumque
445 3501 654 3572 morborum
681 3501 813 3574 semina
837 3503 1066 3593 producunt,
1096 3502 1146 3574 ita
1171 3501 1316 3574 totidem

265 3595 436 3667 remediis
454 3597 739 3692 generaliilimis,
763 3620 845 3672 cum
870 3597 939 3674 suis
962 3601 1178 3687 contrariis,
1202 3599 1315 3674 sanen-

268 3705 349 3780 tur,
389 3715 467 3784 quar
495 3709 623 3768 natura
654 3695 873 3778 solertiffime
908 3696 1064 3771 indicat:
1102 3698 1189 3770 hinc
1226 3709 1317 3791 patet

266 3789 403 3863 veritas
450 3789 613 3868 Carrenis
644 3791 894 3890 antiquiffimi:
923 3797 1118 3872 =Cnrtrcria
1152 3798 1314 3876 contrariis

265 3905 439 3967 curamur·
657 3925 660 3939 '

267 4009 317 4054 ι’,
722 4029 725 4038 ι
810 4045 813 4052 ,
1188 3997 1222 4088 ς.
1244 3987 1317 4065 XV.
