2724 4746
312 207 776 314 remuneratum.
894 292 898 300 .
1027 227 1075 308 ῃ

53 411 152 486 parce,
180 389 239 465 sed
267 388 414 486 sepius,
441 385 617 482 sumatur,
641 389 837 487 seduloque
856 387 1074 484 cavendum,

51 511 83 562 nc
101 509 243 582 unquam
270 487 364 562 same
386 487 566 564 laborent.
627 489 818 565 Sacharata
843 511 927 565 cum
960 509 1074 584 grano

50 585 107 659 salis
126 587 260 660 admitti
288 585 445 674 debent;
477 588 501 662 sn
531 585 677 682 quando
705 592 835 664 modus
863 585 1075 678 exceditur,

51 681 159 760 binde
180 683 339 760 tormina
365 683 554 774 orientur,
579 683 858 777 frequentiffime
888 685 1074 760 vermibus

49 779 173 871 scatent,
219 782 353 876 quibus
388 780 592 857 saccharum
631 803 817 862 venenum
855 781 930 878 est,
977 781 1075 858 unde

49 877 230 954 ttrcbrando
250 879 423 978 aufugere
439 893 593 956 tentant

498 1141 509 1164 .
559 1089 611 1170 V.

138 1093 542 1300 ADOLESCENTSIA
568 1247 589 1302 a
615 1225 707 1302 Pulc
732 1223 770 1298 iu
800 1221 952 1298 Barbam.

111 1352 363 1428 Adolescentia
386 1350 513 1426 finitur
536 1352 646 1429 barba
692 1367 949 1447 rorumpente,
975 1353 1074 1446 quod

50 1449 221 1546 plerumque
243 1451 382 1526 accidit
404 1471 502 1526 runo
526 1451 642 1526 etatis
700 1449 753 1556 .¹·
801 1447 845 1524 In
865 1451 939 1526 boc
955 1451 1072 1528 stadio

52 1547 240 1641 mnspiratio
268 1549 403 1638 floret,
443 1547 540 1622 undc
569 1549 677 1644 vigor
708 1547 744 1622 u
772 1547 1002 1642 promtitudo
1032 1551 1073 1626 iu

52 1643 215 1722 abionibua
238 1647 400 1742 lingulis.
457 1643 572 1720 Gerat
596 1646 734 1740 semper
762 1645 970 1726 adolescent
995 1653 1072 1724 uus·

52 1757 97 1814 ran
114 1750 256 1840 lisam,
295 1745 331 1818 dt
353 1745 436 1820 data
462 1743 653 1818 occasione
678 1741 776 1817 curia
810 1763 887 1818 non
922 1745 1072 1822 omittat

52 1841 144 1932 gaudia
171 1843 420 1938 interponere.
478 1840 665 1915 Excrescit
691 1841 764 1934 iam
790 1859 925 1935 eorpus
948 1841 993 1916 ad
1017 1847 1072 1936 ju·

52 1935 111 2011 un
133 1939 320 2030 staturam,
361 1961 470 2033 quare
503 1961 550 2013 ex
576 1939 707 2014 ordine
730 1951 867 2014 nature
892 1939 1074 2016 adsuescat

54 2033 172 2129 climati,
212 2035 396 2112 &sentim
430 2037 590 2130 tingatur
619 2033 735 2110 literis
768 2047 877 2126 atque
911 2038 1073 2129 artibus,

54 2129 163 2208 lamae
185 2137 273 2211 vite
294 2134 418 2232 generi
434 2133 542 2228 aptis.
592 2131 724 2228 Fugiat
739 2129 970 2224 adolescent,
996 2147 1074 2211 tan·

57 2247 127 2318 qum
147 2253 312 2322 venena,
348 2231 498 2306 assellus
529 2229 844 2306 vehementiores:
881 2231 950 2306 bac
975 2229 1073 2310 enim

54 2339 126 2400 cute
139 2345 323 2424 ponuntur
332 2326 563 2422 jimdnnrmta,
587 2327 719 2424 quibua
737 2345 889 2402 acumen
910 2327 1073 2424 ingenii,

55 2423 251 2521 existimatio,
286 2427 542 2522 pulchritudo,
575 2425 708 2518 robur,
740 2425 881 2522 agilitas
904 2425 939 2500 dt
963 2427 1073 2522 vigor

53 2539 207 2608 pntoum
233 2525 352 2600 vitam
370 2539 479 2601 erunt
499 2519 782 2617 superstruenda.
833 2523 971 2598 Pocula
989 2524 1073 2600 heic

54 2614 202 2718 iup‘euda,
221 2645 311 2702 nam
333 2621 453 2698 febres
477 2622 644 2696 ardentes
668 2621 731 2696 sub
750 2621 824 2694 boc
849 2619 966 2694 stadio
985 2621 1073 2704 saci-

54 2713 359 2800 liuracccnduntur.
403 2719 529 2796 Debet
542 2718 750 2794 adolescent
767 2719 941 2813 evigilare
958 2719 1072 2812 prius,

56 2831 128 2900 illm
152 2835 253 2896 antea
277 2833 357 2894 erat
380 2815 557 2907 assuctus,
595 2839 642 2892 ne
666 2815 797 2890 evadat
823 2819 1073 2890 somnolentus

56 2905 232 3010 &stupidus
254 2939 322 3014 per
345 2929 459 2990 totam
484 2917 620 3000 uitam,
651 2935 786 2988 curvus
805 2935 882 2988 non
901 2913 1073 2990 incedere

55 3007 212 3105 adsuescat,
245 3011 453 3090 sunsiiones
470 3013 566 3088 enim
583 3010 760 3088 viscerum
776 3010 810 3086 dr
828 3013 997 3106 eorporis
1014 3015 1072 3086 le·

54 3101 226 3206 dmturper
248 3113 412 3186 crebram
435 3109 645 3208 preffionem
673 3109 892 3186 abdominis.
943 3109 1074 3184 Solent

54 3203 160 3290 quidam
187 3212 322 3286 collum
350 3207 444 3284 arete
468 3207 715 3304 constringere
742 3207 962 3297 collaribus,
997 3229 1073 3300 quo

52 3294 155 3408 sanguis
170 3307 206 3382 in
228 3308 351 3402 capite
377 3307 559 3401 copiosius
585 3305 792 3400 colligitur,
818 3307 969 3396 ejusque
991 3303 1075 3380 vasa

52 3391 201 3480 blandit:
222 3405 369 3486 ,collum
399 3405 482 3480 inde
515 3403 720 3478 coaretatur
745 3401 780 3476 dr
809 3403 1001 3496 elongatur
1030 3423 1074 3478 ac

52 3487 149 3573 Phtbis
177 3504 274 3578 viam
302 3501 441 3598 pandit.
500 3499 673 3576 Foeminia
700 3499 807 3593 hujus
837 3497 944 3572 seculi
974 3501 1072 3574 vitio

52 3599 251 3692 vertendum,
283 3597 464 3695 quodie,
496 3599 715 3696 ingratiam
752 3595 940 3692 politioris
978 3598 1072 3688 aevi,

52 3689 196 3771 utillime
219 3701 334 3797 ligant
360 3695 593 3785 thoracibus,
626 3695 723 3770 unde
747 3691 886 3768 viscera
914 3695 1073 3788 compti»

52 3803 163 3868 uunuu
178 3794 210 3870 u
228 3795 399 3873 intestina
418 3793 739 3890 constringuntur,
764 3813 844 3887 que
860 3791 997 3884 semper
1011 3793 1073 3866 de·

51 3878 188 3968 blateisc
203 3895 340 3990 libert,
367 3893 531 3990 alioquin
546 3891 786 3980 multamulta
815 3889 912 3968 bunc
929 3889 1073 4062 dem
