2716 4748
253 262 325 358 386
506 253 731 330 MUNDUS
760 249 1052 330 INVISIBILIS.
1085 267 1090 276 '

252 457 342 510 vere
384 434 473 509 viva
512 437 759 525 animalcula,
797 457 875 530 quat
918 431 1173 528 postmodum,
1221 431 1319 528 (lege

253 534 613 635 nature-,hucusque
649 532 870 607 inaudita&
903 531 938 606 in
981 529 1122 632 lletlum
1158 530 1318 604 hominis

255 648 398 706 omnem
416 631 630 724 superante,
650 645 691 704 ut
709 630 789 706 fieri
806 653 881 704 non
899 653 950 723 po
979 653 998 702 e
1016 627 1182 702 dicerent
1199 627 1318 715 multi,

254 731 319 806 nist
343 728 468 802 videre
491 729 608 802 oculis
636 729 670 802 dt
700 730 845 823 palpare
869 729 1036 802 manibus
1053 744 1126 800 rem
1151 717 1317 814 liceret)

254 824 484 904 muta&fixa
498 827 618 900 futura
631 824 769 900 fiebant
784 847 954 920 corpora.
1007 824 1218 910 Hocmihi,
1244 823 1318 915 spe·

256 927 376 1000 cimen
406 923 664 999 Academicum
692 923 844 1019 primum
871 923 1037 1012 edituro,
1086 923 1319 1000 occasionem

255 1022 357 1097 dedit
376 1021 530 1096 eximios
553 1019 710 1096 scientiar
733 1022 906 1098 nattttalis
932 1023 971 1094 in
997 1019 1162 1115 praesenti
1194 1019 1317 1092 seculo

256 1120 442 1217 cogitandi
460 1117 683 1217 progressus,
715 1142 780 1213 per
802 1119 1045 1194 attentionem
1077 1117 1319 1216 adminimas

255 1241 313 1294 res
330 1219 537 1308 nattuales,
560 1239 648 1309 quas
673 1215 837 1310 despexit
858 1217 1045 1309 antiquior
1067 1231 1171 1310 aetas,
1188 1214 1222 1288 dt
1239 1236 1319 1307 que

255 1318 296 1392 in
320 1317 450 1390 oculos
475 1315 574 1411 vulgi
600 1335 678 1389 non
702 1315 911 1403 incurrunt,
944 1335 1026 1388 cum
1059 1326 1180 1387 tamen
1209 1313 1318 1386 mini·

256 1437 316 1490 ma
345 1413 421 1487 haec
447 1435 523 1487 non
551 1413 669 1486 minus
706 1427 845 1493 notatu¹
870 1411 1000 1508 digna,
1047 1409 1257 1486 admiranda
1285 1409 1320 1482 dc

257 1509 451 1607 necessaria
469 1511 557 1602 sint,
588 1533 693 1604 qoam
719 1531 797 1604 quae
823 1513 903 1585 sunt
932 1511 1100 1606 maxima.
1157 1509 1320 1584 Primum

257 1608 366 1684 nobis
384 1597 424 1681 iu
441 1599 538 1682 trane
555 1609 672 1682 locem
688 1607 810 1698 editis,
832 1629 990 1703 corpora
1013 1609 1168 1682 maxima
1193 1605 1228 1688 Gt
1248 1629 1319 1681 am·

256 1703 405 1802 plisima
432 1703 502 1780 sese
534 1705 698 1780 offerunt
729 1706 1032 1800 contemplanda,
1076 1707 1174 1780 unde
1207 1707 1320 1796 etjam

257 1803 404 1898 Aliquis
429 1803 613 1878 historiam
638 1802 734 1877 suam
755 1805 954 1878 naturalem
974 1802 1087 1898 Equis
1104 1803 1139 1877 dt
1156 1801 1321 1876 Canibus

258 1900 500 1977 describendis
519 1899 632 1975 ordiri
648 1899 791 1992 voluit,
814 1912 946 1996 utpote
963 1921 1042 1993 que
1058 1901 1229 1976 animalia
1249 1901 1321 1992 pri·

258 2021 358 2076 ntum
371 2000 449 2076 iere
463 1997 572 2073 nobis
591 1996 836 2074 innotescunt.
886 1997 1028 2074 Indotli
1043 2000 1093 2076 ,td
1108 1997 1234 2076 ludlas
1253 1999 1332 2070 iter·

258 2097 457 2188 facientes,
483 2098 521 2172 in
541 2095 664 2172 diariis
690 2095 759 2170 suis
786 2112 894 2198 atque
918 2096 1113 2172 itinerariis
1137 2097 1316 2172 maximos

257 2195 506 2290 Elephantos,
530 2194 822 2284 Rhinocerotes,
854 2193 1045 2286 Camelos,
1071 2193 1314 2282 crocodilos,

260 2291 397 2383 Cetos,
423 2295 532 2386 etjam
558 2314 729 2386 proceras
758 2292 919 2385 Palmas,
951 2293 1176 2384 Bombaces,
1200 2295 1317 2368 Aver-

257 2389 373 2480 hoas,
399 2389 589 2478 Cedrelas,
617 2405 760 2482 cetera,
792 2391 856 2466 vix
876 2393 1073 2476 omittunt,
1102 2393 1145 2465 ad
1167 2389 1319 2464 Muscos

258 2507 351 2560 vero
370 2488 554 2578 minutos,
581 2487 625 2562 ad
642 2486 775 2584 Algae,
804 2489 967 2581 Acaros,
996 2489 1141 2583 Hydrus
1167 2488 1202 2562 dc
1229 2489 1318 2564 fimi·

258 2587 334 2676 les,
366 2606 442 2660 non
468 2583 624 2674 minori,
663 2607 767 2678 quam
800 2583 964 2662 crassiora
988 2584 1075 2678 ista,
1109 2587 1319 2662 attentione

258 2681 407 2777 dignas,
445 2684 560 2757 rtrius
595 2697 820 2758 convertunt
849 2687 988 2760 oculos.
1057 2686 1318 2761 Attentionem

257 2782 369 2956 {glum
388 2777 689 2856 commilitonum
714 2779 758 2855 ad
781 2780 928 2858 minima
946 2806 1103 2881 corpora
1122 2785 1316 2868 naturalia,

273 2901 319 2954 eu
337 2884 551 2974 qoaeoulgut
573 2903 635 2953 non
650 2878 794 2976 observor
820 2893 883 2953 aut
905 2881 1057 2958 existere
1090 2882 1226 2968 novit,
1259 2901 1314 2952 et·

256 2977 374 3056 citare
388 2975 585 3068 constitui,
604 2991 712 3069 etque
733 2977 793 3052 illa
811 2977 1172 3055 velutMUNDUM
1188 2973 1318 3052 INt't-

259 3070 459 3146 SlBILEM
479 3074 517 3148 in
543 3074 676 3148 visibili
694 3075 892 3170 concipio,
921 3098 964 3151 ea
992 3093 1130 3154 tantum
1157 3077 1318 3168 complc-

260 3167 415 3244 dientem
434 3169 667 3265 corpusculo,
692 3193 771 3266 quae
792 3179 892 3248 oculis
909 3185 1064 3263 armatis,
1084 3175 1144 3249 seu
1164 3197 1230 3268 per
1255 3171 1318 3244 mi-

260 3266 462 3361 croscopia,
481 3268 643 3362 conspici
662 3267 815 3364 possunt.
866 3272 988 3367 Atque
1004 3275 1111 3370 buius
1135 3271 1320 3348 natrano-

259 3363 317 3442 nis
334 3366 409 3440 duo
433 3380 541 3440 erunt
560 3366 703 3462 capita:

355 3491 384 3565 1.
411 3491 470 3565 De
487 3491 701 3580 Notiort'bus,
725 3494 784 3568 sed
802 3513 917 3592 nuper
933 3497 1095 3574 deteilis.

355 3619 403 3696 Il.
431 3619 490 3692 De
514 3607 782 3717 obscurioribus,
800 3623 1007 3710 futurorum
1031 3627 1184 3722 posthac
1206 3626 1319 3704 bomi-

260 3737 345 3792 num
379 3716 560 3793 indostriae
591 3722 885 3819 committendis,
931 3747 1023 3818 quos
1052 3725 1097 3800 ad
1130 3727 1319 3802 attenden-

260 3815 345 3893 dum
367 3818 521 3912 acuere,
545 3815 762 3912 potisfimunt
784 3819 835 3895 est
854 3821 941 3896 milri
961 3823 997 3900 in
1018 3826 1131 3899 votis.

1208 4056 1239 4145 q.
1270 4045 1322 4120 n.
