2716 4748
259 229 335 301 ,02
466 245 467 254 Ν
509 150 741 294 nunnus
775 202 1072 285 1nv1s1n1n1s.

264 384 359 460 texit
382 391 467 460 ante
482 380 880 460 haeteuwenhoelrius
897 392 1087 486 nominales
1095 387 1235 485 senatun
1246 385 1276 462 in

265 481 367 558 omni
390 483 771 578 genitura‘prolifera,
812 484 910 576 quod
936 486 1201 578 experimentum
1223 485 1276 576 ian

252 579 356 658 ‘aliia'
369 579 464 673 quali
482 581 600 654 oculis
618 579 670 654 est
693 580 972 669 instituendum
1003 583 1215 662 Venientes
1228 583 1277 654 lios

255 676 382 756 ,abelie
399 690 462 752 aut
486 694 653 752 mortuos
675 678 834 752 inveniri
852 679 947 752 dixit
963 679 1056 773 apud
1076 680 1277 774 syphiliticos,

267 776 366 872 quod
384 789 505 850 tamen
532 776 737 862 dubitatum
763 777 831 850 hos
856 778 964 851 etiarn
985 779 1023 851 in
1044 777 1197 854 homines
1216 798 1280 849 con·

266 873 385 965 venti,
420 886 483 947 aut
505 873 544 948 in
570 894 648 946 ovo
679 873 915 966 concipiente
941 876 1099 950 carinam
1128 870 1281 968 llllalpighii

260 970 490 1048 constituere
517 968 699 1060 adfirmat,
730 993 807 1066 quae
839 993 897 1045 res
930 987 1051 1051 tamen
1085 974 1227 1048 nondum
1246 967 1292 1042 est'

267 1069 313 1144 ad
337 1068 512 1162 liquidum
541 1069 723 1162 perducta.
783 1068 912 1143 Adesse
935 1071 1011 1144 hac
1041 1071 1231 1162 corpuscula
1247 1066 1283 1139 le

255 1168 416 1244 ,minalia
439 1166 477 1240 in
503 1167 690 1262 genitura,
720 1188 830 1240 nemo
860 1185 990 1264 negat;
1019 1192 1063 1242 an
1084 1191 1168 1242 vero
1186 1164 1285 1238 verni

257 1263 343 1341 ,culi
367 1265 457 1353 srnt,
475 1264 645 1357 ejusdem
669 1261 805 1338 indolis
831 1286 871 1338 ac
889 1267 1078 1339 vermiculi
1108 1267 1286 1360 fungorum,

247 1362 529 1457 'experimentis
547 1360 599 1435 est
623 1361 873 1436 decidendum.
924 1366 1034 1466 Quod
1054 1365 1177 1456 pollini
1200 1363 1231 1436 in
1245 1381 1289 1432 an·

267 1460 382 1536 thetis
408 1460 539 1534 florum
559 1462 710 1556 analoga
728 1460 795 1533 sint
813 1462 1026 1536 animalcula
1045 1461 1225 1548 seminalia,
1244 1457 1289 1530 du·

268 1557 378 1633 bitari
400 1557 548 1648 nequit;
574 1557 699 1649 pollen
725 1572 843 1632 autern
869 1562 1098 1636 anthernrum
1120 1582 1189 1633 non
1210 1558 1292 1629 inna-

269 1677 311 1730 te
340 1652 467 1748 stigma
496 1671 558 1727 ant
582 1654 746 1747 stylum,
776 1658 956 1749 palpabile
986 1657 1058 1746 est,
1104 1657 1241 1732 maxime
1266 1653 1294 1724 in

256 1749 458 1841 Mirabili,
496 1751 557 1824 ubi
586 1753 711 1843 pollen
737 1751 831 1846 stylo
856 1755 934 1828 sere
963 1757 1078 1849 maius
1107 1756 1176 1846 cst,
1198 1755 1227 1826 (a
1251 1749 1296 1822 ili·

270 1849 382 1948 gmati
407 1848 682 1943 superinjeiium
708 1864 842 1926 manet.
900 1851 944 1928 In
969 1855 1134 1948 plurimis
1162 1851 1297 1926 videmus

269 1950 345 2024 hoc
368 1949 492 2042 pollen
509 1947 665 2040 rumpia
689 1948 860 2022 contestu
884 1949 1047 2025 humoris
1079 1951 1234 2049 genitalis
1255 1943 1300 2016 lli·

270 2040 421 2142 gmatis,
441 2044 475 2117 ur
494 2044 661 2119 fovillam
681 2046 870 2139 emittere,
895 2070 973 2141 qua
999 2070 1019 2122 a
1047 2050 1145 2144 stylo
1162 2047 1299 2138 absorpta

270 2143 463 2220 descendat
483 2142 529 2216 ad
553 2142 697 2218 semina.
747 2141 981 2221 Needhamus
1003 2147 1300 2238 microscopiornn

272 2263 346 2336 ope
372 2239 564 2315 unitorum
583 2241 699 2331 hanc,
724 2241 783 2315 seu
802 2244 1031 2339 impalpabile
1051 2244 1302 2324 subtilillimun,

236 2367 239 2376 ·
271 2338 372 2431 quod
398 2337 491 2410 intra
514 2339 639 2432 pollen
670 2340 904 2430 continetur,
935 2356 1087 2435 ruptura
1115 2343 1253 2439 pollinis
1266 2335 1303 2406 es·

271 2434 472 2510 ilari-velut
492 2456 538 2508 ex
560 2438 730 2528 embolo,
754 2437 1030 2514 &subtilissimis
1050 2441 1215 2518 constare
1231 2429 1304 2528 qttlfi

271 2531 475 2625 spiralibus,
485 2533 591 2605 vidit.
612 2533 775 2608 Ulterius
786 2537 986 2632 progressus
1003 2538 1053 2613 est
1065 2529 1305 2624 D.Turra,qui

271 2628 453 2705 Fovillam
470 2651 491 2702 a
508 2629 673 2705 tubulosa
699 2634 795 2724 pube
819 2634 1002 2730 Stigmatis
1024 2638 1208 2712 absorberi
1229 2634 1305 2705 dete

263 2727 335 2806 xit.
383 2726 445 2802 Ao
469 2727 546 2803 hec
563 2749 646 2805 cum
679 2742 786 2806 antea
807 2731 910 2808 ditus
936 2733 1005 2809 lint
1027 2738 1205 2834 analoga,
1237 2747 1304 2803 ten·

272 2847 343 2922 pus
373 2824 486 2900 dabit.

725 2931 758 3018 §.
812 2927 880 3002 Vl.

369 3017 540 3094 Vidimus
565 3041 631 3114 pet
659 3023 835 3114 aestatem,
868 3025 961 3102 idem
991 3027 1092 3122 quod
1122 3016 1308 3102 Recensu-

273 3125 341 3207 us,
368 3115 516 3211 exiguas
538 3121 632 3213 quast
657 3125 829 3196 nubeculas
845 3131 1008 3210 ethereas,
1033 3128 1147 3200 unios
1166 3127 1222 3198 vel
1244 3119 1310 3190 dua·

265 3235 352 3289 num
374 3214 538 3289 ulnarum
563 3218 776 3309 latitudine,
803 3221 841 3295 in
866 3228 948 3296 alite
976 3219 1160 3316 snspensas
1179 3225 1312 3304 batere,

273 3313 361 3388 duas
383 3314 445 3386 vel
469 3325 542 3387 tres
563 3314 666 3390 ulnas
689 3316 792 3410 supra
815 3333 967 3411 terram,
1002 3322 1100 3396 inter
1127 3325 1247 3396 boram
1268 3313 1284 3386 s
1301 3349 1310 3363 ·

272 3411 357 3505 pius
388 3410 461 3483 diei
492 3409 667 3490 decimam
695 3414 982 3510 &undecinam,
1020 3419 1193 3513 inprimis
1216 3407 1312 3491 menie

273 3507 532 3598 florescentie,
569 3511 715 3603 quando
748 3512 831 3587 solis
857 3515 909 3588 est
940 3516 1113 3611 splendor
1137 3517 1311 3592 maximus,

270 3604 306 3679 δι
336 3605 462 3680 videte
491 3609 599 3681 nobis
631 3609 696 3684 visr
725 3609 841 3685 sumus
872 3616 1086 3706 particulas,
1120 3615 1314 3711 quibutne·

265 3701 357 3789 bula
372 3702 448 3774 haec
466 3704 630 3796 constet,
648 3706 758 3781 instar
771 3712 947 3786 examinis
962 3735 1066 3806 apum
1088 3701 1311 3788 commoveri·

272 3796 310 3872 Si
331 3801 407 3871 lraec
433 3801 650 3878 animalcula
675 3804 764 3895 lint,
797 3819 935 3882 utnon
961 3811 1034 3884 sine
1057 3815 1211 3888 ratione
1232 3799 1317 3898 sulpi-

272 3902 418 3992 camur‘,
444 3919 526 3976 cum
551 3914 658 3977 antea
682 3905 881 3983 nominatis
901 3907 1037 3986 habent
1056 3912 1194 4006 procul
1224 3901 1317 4074 dogio

1075 4065 1083 4084 .
1233 4005 1267 4078 in
1290 4018 1320 4071 o·
