2688 4752
4 179 6 232 V
127 141 132 150 .

129 250 511 332 ruunrmnure
541 253 960 342 Ennomonoouu.
1026 287 1092 362 ψ

33 429 248 525 ωιῑίε,γίιπ
274 429 386 506 hodie
409 433 541 508 babeat
567 435 676 510 illud:
713 463 799 514 mnu
822 447 1092 522 cimmerici.

34 529 211 604 Omnium
232 527 375 623 quidem
402 531 604 610 MlNlMA
626 532 893 613 incontinenti
917 539 995 614 hnc
1016 539 1096 618 suot

34 627 227 714 animalia,
266 639 308 701 ut
331 631 522 705 oculorum
554 631 669 706 eciem
698 653 777 710 non
805 636 905 710 nulla
932 638 1029 736 fogia
1057 653 1106 731 t,·

34 723 337 816 quemadmodum
357 726 485 816 Acori,
519 727 655 826 Trlper,
680 733 793 820 cocci,
819 735 975 810 Phalera
989 761 1023 810 oc
1066 743 1095 812 l-

33 825 130 906 ulla,-
157 843 286 896 eorum
304 841 395 898 vero
411 825 568 902 maxlma
578 826 688 904 nobis
701 828 935 906 innotescunt
947 829 1029 928 sequ
1055 857 1095 914 n·

34 919 101 992 tia:
135 919 334 993 Mmroculus
357 921 596 1017 Polyphemus,
628 927 748 1000 Cancer
764 928 970 1018 Gmumerus,
986 945 1022 1006 at
1048 953 1095 1006 ue
1144 969 1147 976 ·

33 1039 76 1089 ex
92 1014 249 1092 Cancris
267 1019 442 1094 nonnulla
458 1020 542 1111 alia,
565 1024 755 1098 Scarolceur
768 1025 949 1100 Altum&
965 1029 1017 1104 Plr
1050 1053 1093 1106 e·

32 1139 70 1186 rr
81 1115 202 1189 Atlas.
252 1113 322 1188 Sed
340 1137 408 1210 pro
426 1119 606 1194 molecula
623 1133 744 1196 tamen
760 1120 820 1196 iua
843 1123 1016 1200 maximas
1033 1127 1096 1204 ba·

34 1211 118 1286 bent
134 1212 250 1284 virer.
302 1211 395 1288 Sunt
410 1216 520 1290 etiem
545 1235 591 1290 ex
608 1215 665 1292 hic
686 1219 858 1312 pleraque
878 1218 994 1296 ANN
998 1223 1093 1316 UA,

33 1309 55 1382 li
74 1309 246 1404 aquatica
267 1310 455 1402 exceperis
477 1327 541 1386 aut
564 1311 805 1406 ΒΙΕΝΝΙΑ,
838 1315 1005 1411 adeoque
1030 1321 1094 1397 sub

34 1405 201 1501 hyemem
233 1406 441 1484 inclinate
474 1407 600 1484 nostro
629 1411 763 1510 irigido
789 1427 966 1510 pereunt,
1004 1437 1094 1494 vene

34 1520 152 1588 mrem
169 1517 398 1580 renovantur
412 1509 633 1600 quotannis,
658 1509 825 1604 suamque
841 1511 996 1606 speciem
1012 1515 1093 1598 red·

33 1602 121 1677 dunt
136 1618 351 1697 perennem.
391 1601 599 1678 Incredibili
615 1609 906 1704 multiplicantur
918 1609 1092 1694 NUME·

34 1699 126 1790 ΗΟ,
153 1699 190 1772 dc
216 1721 299 1774 cum
328 1700 411 1794 lpus
436 1701 594 1796 piscibus
617 1718 782 1798 cerunt,
807 1719 849 1782 ut
869 1707 979 1784 unica
999 1710 1091 1808 Ape

34 1797 68 1872 in
80 1797 220 1872 alveari
234 1798 394 1890 lomina,
408 1819 473 1896 per
487 1821 635 1890 annum,
652 1799 743 1876 teste
756 1801 994 1896 Reaumurio‚
1005 1827 1092 1898 qua·

34 1895 170 1992 dragite
199 1895 299 1970 mille
324 1913 398 1970 ova
422 1919 562 1992 ponere
591 1895 708 1996 pouit,
764 1897 807 1976 In
837 1900 959 1998 Musca
979 1903 1093 1982 etiam

35 1997 139 2068 unica
158 1995 236 2068 duo
264 1992 376 2070 millia
404 1995 585 2088 pullorum
606 1993 813 2072 viventium
840 1997 934 2072 idem
963 1999 1092 2094 depra-

35 2091 158 2166 hendit
174 2091 328 2168 Auum.
377 2089 437 2166 Ex
461 2091 635 2168 struiiura
687 2089 1039 2174 MECHANISMO
1057 2097 1094 2172 dc

34 2185 143 2285 figura
158 2189 336 2282 cujusque
354 2189 510 2267 mirabili
529 2143 773 2284 perfeiiones
795 2190 956 2266 emicent
981 2191 1092 2278 Crer-

35 2285 391 2382 torirsapientilllmi3
411 2285 836 2364 PULCHRITUDINE
857 2309 938 2366 cum
955 2291 1092 2368 anime·

35 2385 124 2462 libne
151 2383 188 2458 de
218 2384 371 2460 floribus
393 2382 647 2460 formoliffimir
669 2401 832 2476 certant,
860 2400 902 2462 ut
918 2388 1091 2486 Buprestic

35 2487 152 2577 rimae,
175 2482 308 2579 Papilio
325 2483 501 2572 Primus,
522 2483 669 2572 Helena,
689 2485 861 2560 Menelaus
877 2483 1091 2582 &plerique

36 2580 168 2671 indici,
194 2601 238 2654 ac
256 2580 417 2656 Pleione
436 2579 542 2656 Turre
557 2582 603 2656 ab
618 2579 841 2660 Auuorious
858 2603 995 2660 nomen
1013 2607 1090 2664 mu·

35 2691 151 2752 mate.
205 2677 328 2752 Miror
343 2677 472 2775 igitur,
498 2701 563 2754 cur
577 2677 736 2756 Nobiles
749 2677 880 2752 Gallie
896 2679 931 2754 dr
947 2683 1091 2776 Anglie

36 2777 163 2854 culon
187 2775 352 2852 nondum
370 2797 438 2872 pro
460 2774 719 2872 Lepidopterie
742 2775 872 2852 indicis
906 2777 1091 2856 exstruxe-

34 2873 103 2948 rint
128 2875 399 2969 bybemacula‚
429 2895 508 2968 que
528 2885 650 2950 tamen
673 2893 743 2968 pro
767 2873 898 2948 ceteris
919 2875 1090 2952 omnibus

35 2969 213 3046 deleeiant
226 2971 378 3064 oculos,
403 2971 503 3064 quod
521 2968 653 3046 leones
672 2974 791 3046 Clerlrlr'
811 2971 844 3044 dc
861 2971 1091 3054 Surinameu·

36 3068 76 3142 fia
94 3071 274 3154 Merunae,
291 3065 359 3144 suis
374 3067 515 3162 depiua
532 3067 734 3158 coloribus,
753 3087 855 3144 extre
872 3085 1091 3146 controver-

35 3165 111 3240 fiam
142 3177 302 3262 ponunt.
368 3163 600 3262 indagatores
632 3165 761 3242 horum
791 3167 1091 3246 animalculorum

35 3262 148 3340 llultis
176 3265 241 3336 diu
264 3263 498 3338 adnumerare
522 3262 648 3340 rudior
668 3264 768 3338 orbis
792 3264 977 3352 sustinuit,
1007 3285 1091 3340 curn

36 3363 75 3436 ad
99 3361 240 3436 vidium
268 3381 393 3454 parum
425 3359 488 3435 illa
518 3361 673 3452 facient,
718 3361 776 3436 sed
805 3361 847 3434 ad
878 3363 1091 3452 quisquiliae

35 3459 209 3552 &penae
233 3457 445 3546 hominum,
473 3461 633 3552 peccatis
649 3475 894 3553 provocatus,
917 3459 1090 3542 accedere

35 3557 113 3650 ipis
139 3555 337 3630 videantur
358 3559 532 3652 propius,
556 3577 636 3630 cum
660 3573 779 3630 temen
800 3554 1090 3648 supientissimue,

35 3655 90 3746 qui
117 3656 198 3728 baec
222 3653 419 3744 formavit,
451 3653 578 3748 opifex
603 3652 692 3728 nihil
720 3653 868 3743 frustra,
902 3655 990 3728 nibil
1017 3655 1091 3730 irne

34 3753 94 3826 usu
133 3753 278 3826 fecerit
346 3749 526 3828 Tenebris
572 3773 663 3824 vero
699 3751 877 3824 barbariei
916 3751 1090 3838 discutis,

35 3851 190 3928 maxima
227 3850 266 3926 iu
301 3849 357 3924 his
387 3839 623 3924 minutiffimie
657 3845 727 3924 sese
758 3849 919 3924 offerunt
954 3863 1091 3922 naturae

35 3949 219 4026 miracula.
278 3947 436 4047 Singulis
458 3947 644 4118 specielbus
670 3947 729 4024 sua
754 3946 835 4024 sunt
855 3946 1092 4118 instrum?

314 4071 320 4076 ·
488 4061 491 4068 ·
604 4068 623 4118 n
985 4066 1089 4138 pr·
