2688 4752
293 161 557 294 ,vnnmnns
589 175 874 254 erronum
1018 199 1089 272 205

36 363 79 446 di,
98 357 163 453 qui
183 355 331 452 nuperis
346 355 450 432 annis
472 355 515 430 ad
538 377 606 433 nos
623 355 778 448 advetii,
792 358 931 452 optima
951 357 1090 430 valetu-

36 457 118 532 dine
135 456 372 544 fruebantur,
395 455 563 548 quamdiu
582 475 708 530 carues
726 457 843 528 crude
865 458 909 530 ab
929 453 972 528 iis
993 477 1091 528 com·

35 555 247 629 edebantur.
275 550 432 646 'Neque
459 552 688 646 ignoramus,
716 551 935 628 Hourntoltos
964 573 1090 628 carnes

34 653 167 726 leviter
186 647 288 744 snpra
306 669 438 741 prunas
455 665 616 739 torrere,
644 647 821 743 sepilbme
839 673 931 725 vero
947 649 1091 740 crudas,

35 773 74 824 ac
92 749 194 822 inter
215 747 307 821 duos
324 757 466 821 tantum
482 745 619 840 lapides
641 747 808 820 contusas
825 751 932 822 edere
950 767 1090 826 carnes.

34 848 106 921 Sibi
130 865 228 919 vero
251 845 409 918 habeant
428 843 508 935 isti,
532 843 705 938 quidquid
729 845 912 920 necessitas
936 867 978 918 ac
1003 867 1091 920 con·

34 943 187 1020 suetudo
214 941 295 1036 ipsis
321 941 475 1038 suggerit
498 941 682 1028 alimenti;
713 964 836 1056 verJn
859 941 950 1017 haud
971 941 1100 1036 sciam,

34 1041 204 1116 &valde
233 1039 399 1132 equidem
430 1039 560 1128 mirer,
596 1037 700 1114 istinc
724 1042 860 1134 magis,
894 1061 997 1134 quam
1030 1043 1091 1112 alii

32 1139 163 1235 phthisi
188 1137 378 1211 laborent:
414 1138 458 1211 eb
483 1135 561 1231 ipso
586 1137 682 1210 enim
710 1153 845 1211 naturae
877 1137 1006 1210 ordine
1027 1139 1091 1210 ob·

34 1235 282 1323 servavimus,
309 1233 408 1328 quod
438 1255 485 1306 ne
517 1231 638 1308 Simiis
672 1233 814 1325 quidem
841 1235 1093 1327 hujuscemodi

35 1334 194 1409 arriserit
222 1331 350 1406 vium.
403 1331 526 1424 Maior
556 1330 678 1406 saltem
704 1333 871 1426 corporis
897 1345 1018 1404 motus
1055 1333 1092 1406 in

34 1433 103 1506 hoc
127 1429 327 1524 requiritur
349 1427 498 1502 vivendi
526 1449 681 1524 genere,
702 1451 776 1523 quo
792 1428 943 1504 nomine
959 1427 1093 1504 Seden-

34 1531 135 1604 tariis
153 1541 264 1620 atque
284 1525 420 1601 orions
435 1525 528 1600 haud
548 1527 776 1601 conveniens
794 1527 845 1601 est
861 1527 975 1600 cibus.
1018 1530 1093 1602 Va·

34 1629 88 1701 rio
109 1641 234 1700 autern
260 1637 455 1718 apparatu,
479 1623 647 1698 nimirum
664 1626 927 1712 exsiccatione,
954 1623 1093 1698 cossio-

34 1747 102 1816 ne,
132 1723 169 1798 ss
199 1720 392 1816 presertim
419 1718 613 1806 affatione,
643 1723 764 1816 palato
788 1738 896 1816 grate
918 1745 959 1795 ae
986 1723 1093 1796 utiles

35 1823 236 1896 redduntur
251 1839 399 1909 carnes,
430 1839 510 1893 cum
528 1819 716 1913 plurimis,
740 1839 817 1910 quae
835 1841 880 1892 ex
893 1820 950 1891 „iis
967 1843 1093 1914 paran-

36 1936 115 2010 tur,
143 1917 316 2011 ferculis,
351 1937 433 1992 cum
462 1937 589 1990 carnes
614 1933 800 2011 nunquam
835 1911 996 2012 sapiant,
1028 1917 1095 1996 nisi

36 2031 232 2113 corrupte.

498 2117 520 2204 §
582 2109 624 2186 V

129 2207 177 2284 In
200 2207 318 2284 allatis
342 2205 454 2283 modo
480 2208 659 2298 diximus,
686 2203 856 2281 Medicus
881 2205 1095 2282 morborum

36 2305 280 2384 multitudinis
309 2305 457 2380 caussam
484 2306 521 2381 in
545 2305 653 2400 ipsam
679 2303 898 2380 serculorum
933 2305 1095 2380 multitu·

38 2409 159 2480 dinem
177 2404 463 2496 varietatemque
481 2403 660 2480 conferre.
712 2403 817 2478 Hanc
838 2401 994 2496 ipsorum
1019 2401 1096 2478 sen·

38 2504 191 2580 tentiam
209 2501 483 2576 observationes
510 2502 560 2575 sat
583 2503 704 2576 multe
727 2497 943 2588 confirmare
969 2499 1096 2576 viden·

38 2617 119 2692 tur,
153 2599 289 2694 quippe
314 2599 443 2693 quibus
464 2597 582 2674 edocti
608 2599 802 2685 novimus,
827 2595 1007 2672 Eremitas
1032 2599 1097 2671 ali·

39 2721 154 2792 osque
176 2699 376 2791 permultos
401 2695 520 2769 debile
544 2697 750 2788 morboque
767 2695 911 2768 diutino
931 2695 1097 2767 eneslum

40 2817 196 2890 corpus,
228 2816 294 2887 per
316 2792 507 2888 simplicem
531 2805 671 2868 tantum
698 2792 855 2878 vislum,
884 2791 928 2864 ad
948 2791 1096 2880 occidu-

40 2917 93 2968 am
112 2913 229 2986 usque
242 2889 458 2967 senestutem
473 2889 688 2980 sustentasse,
701 2890 934 2984 quamobrem
951 2909 1098 2964 omnem

31 2993 114 3088 ¹iere
143 2991 312 3063 ciborum
339 2988 572 3077 varietatem,
609 2987 725 3062 veluti
754 2985 912 3082 pestem,
953 2985 1098 3082 fugiunt

39 3105 148 3182 atque
169 3087 428 3163 condemnant.
477 3085 654 3160 Nondum
673 3084 848 3160 memoria
867 3084 1004 3160 excidit
1021 3084 1097 3158 srm-

38 3189 122 3280 plex
148 3185 294 3278 quidam
317 3203 386 3258 nec
413 3183 533 3257 callidi
563 3183 702 3280 ingenii
735 3197 930 3256 veteranus
959 3181 1097 3255 littera·

32 3281 115 3358 'rum
147 3283 343 3378 Studicffus,
379 3279 533 3375 Upsaliae
566 3281 718 3356 nominc
753 3280 974 3375 Weslerberg,
1012 3279 1096 3370 qui,

40 3381 184 3474 aliquot
201 3393 286 3454 ante
306 3399 445 3468 annos,
469 3377 619 3454 eandem
645 3379 738 3454 banc
759 3375 914 3468 Upsaliae
939 3375 1098 3454 servavit

31 3477 211 3551 'Diaetam
262 3475 330 3550 Per
353 3487 471 3548 totum
501 3497 632 3571 nempe
657 3475 811 3570 primum
837 3471 1000 3546 semestre
1024 3475 1097 3551 Ha·

38 3577 119 3649 lece
153 3573 385 3666 vescebatur,
416 3591 482 3666 per
508 3573 699 3649 secundum
724 3570 919 3661 Salmone,
957 3593 1000 3644 ac
1031 3597 1097 3668 per

39 3673 188 3746 tertium
217 3669 374 3764 denique
402 3667 600 3763 Carnibus,
636 3671 747 3745 immo
778 3687 870 3756 vero
898 3667 1005 3742 etiam
1033 3693 1097 3766 per

40 3785 233 3862 quartum,
257 3767 421 3842 mirabile
444 3766 560 3860 didio,
599 3765 712 3842 Caseo
740 3779 848 3860 atque
873 3765 1099 3859 Butyro,dt

39 3867 85 3942 bc
106 3867 319 3964 quotannis.
368 3863 502 3958 Neque
527 3879 671 3962 umen,
696 3865 733 3940 id
755 3862 853 3960 quod
871 3861 1099 3944 certissimum

887 3965 1097 4064 ··eu
