2724 4746
307 165 475 274 nonni
508 167 810 277 aurrrrcuia
1047 179 1096 288 3,

36 371 103 425 ram
122 347 170 422 ad
189 347 385 442 perfeuum
401 347 579 448 fastigium
596 349 785 446 poscente,
809 345 1021 428 Ramazzlni
1037 367 1094 420 re·

34 449 136 540 liquit
159 446 324 522 inradias.
376 448 462 522 Hoc
487 447 586 524 eninr
613 463 886 546 argumentum,
912 467 990 520 non
1013 465 1093 524 mo·

33 545 76 618 do
98 541 250 619 Artifici
277 543 433 638 cuique,
469 547 533 620 suo
554 545 592 622 in
614 543 771 622 artificio
794 545 1005 632 cavendos,
1033 541 1094 614 de·

35 645 226 734 terminet,
252 641 311 718 sed
334 643 568 738 &apertiua,
593 665 698 740 quarn
726 647 795 720 alia
817 643 954 740 quavis
985 659 1095 732 erpeq

35 745 186 816 rimenta
222 740 427 836 dictetica,
467 761 611 818 errores
635 743 729 816 inde
756 745 912 821 fluentes
941 739 1024 814 dete
1051 735 1094 828 it,

34 841 122 913 unde
148 837 288 914 caussas
307 837 521 918 morborum
539 842 746 935 proximas,
775 843 815 918 in
832 841 936 940 praxi
952 757 1095 914 medica

36 953 227 1034 tantopere
250 935 485 1034 neceliariaa,
514 939 690 1035 expiscari
714 939 815 1016 licet.

115 1223 293 1300 Artificia
322 1235 366 1300 ut
389 1121 528 1300 altorff}
549 1115 727 1322 ᾗιιικξὲιιεε,
761 1223 856 1302 serio
886 1219 937 1301 est
964 1243 1093 1322 urgen-

37 1322 127 1398 dum:
159 1325 236 1397 Ars
262 1321 360 1397 enirn
385 1323 538 1400 honesta
559 1321 764 1400 Thesaurus
794 1323 871 1416 cst,
902 1345 1004 1419 que,
1028 1338 1095 1398 cn·
1239 1394 1245 1413 ,

37 1424 112 1496 teria
137 1422 232 1496 licet
259 1419 535 1512 deficientibus,
563 1423 743 1496 cultorem
826 1421 907 1498 avie
938 1425 974 1495 in
999 1433 1096 1494 terra

39 1521 89 1591 alit
107 1517 316 1593 certillinrc.
366 1515 492 1634 Captis
510 1519 549 1594 N
552 1519 761 1614 ostratibus,
788 1522 836 1596 ub
851 1517 991 1596 infelici
1010 1535 1095 1594 curn

38 1616 135 1692 lluffis
163 1615 291 1708 bello,
325 1615 365 1694 in
390 1615 558 1694 Sibiriarn
592 1617 778 1712 abductis,
812 1619 953 1712 profuit
983 1613 1095 1690 valde

39 1715 224 1790 artificium
250 1715 505 1810 injuventute
528 1727 762 1816 perceptum:
795 1717 869 1824 Qui
894 1737 989 1792 vero
1012 1711 1094 1788 nul·

38 1813 94 1888 lan
111 1813 323 1888 didicerant
340 1825 476 1908 artem,
500 1813 629 1890 misere
653 1816 867 1910 plerumque
919 1815 1093 1890 erierunt.

39 1909 129 2006 Capti
160 1935 184 1988 a
211 1911 400 2003 Barbarie,
435 1909 651 1990 fiartificio
689 1911 846 2006 quodam
876 1837 1015 1988 AEerint
1040 1907 1095 1984 in·

38 2008 169 2102 ilrutii,
197 2023 337 2083 tantam
365 2029 432 2104 per
455 2009 598 2103 aliquot
627 2026 745 2086 annor
779 2011 1005 2104 conquirunt
1025 2027 1097 2176 Fc-

40 2109 195 2196 cuniam,
222 2119 264 2180 ut
296 2107 382 2201 ipli,
408 2105 530 2180 soluto
557 2108 704 2202 pretio,
730 2107 769 2182 in
794 2109 1000 2182 libertatern
1039 2101 1097 2176 esc

38 2205 244 2296 vindicent,
272 2205 374 2291 aliia,
391 2203 465 2279 fine
480 2205 603 2298 lytra,
622 2201 666 2278 ad
679 2223 818 2300 pecora
832 2203 1024 2324 pascenda,
1041 2219 1098 2274 re·

40 2303 129 2382 lillis.
164 2301 483 2416 Quin&Turcir,
496 2301 693 2395 nobilitate
706 2302 934 2380 hereditaria
947 2321 1024 2376 non
1044 2295 1097 2371 su·-

39 2401 298 2496 partientibus,
310 2413 424 2474 artem
467 2399 699 2476 roiiteriuon
717 2401 915 2498 inglorium
933 2397 999 2479 est.
1031 2396 1097 2470 At·

40 2521 97 2590 que
121 2517 164 2574 ut
183 2499 386 2595 longinqua
407 2423 618 2592 mittamus,
641 2497 680 2574 in
697 2497 818 2576 Patria
837 2499 961 2578 nostra
981 2493 1099 2578 Pisto·

39 2619 98 2686 res,
114 2597 286 2686 Sutores,
304 2596 485 2690 sartores,
504 2593 717 2692 euprarioa,
733 2595 1009 2692 convinctior,
1026 2599 1096 2676 La·

39 2695 156 2792 ninnee
179 2695 349 2788 aliosque
368 2689 586 2788 locupletari
606 2693 787 2789 videnlur,
806 2697 895 2772 licet
920 2719 1002 2772 curn
1022 2719 1096 2774 rna·

39 2794 198 2884 guarinus
217 2813 326 2866 curru
350 2803 496 2866 certent
513 2811 649 2866 corum·
661 2791 810 2868 Uxorca
830 2793 1008 2886 &libaria
1035 2817 1097 2892 pa·

39 2891 109 2966 latia
133 2891 205 2986 libi
233 2887 889 2984 instruunt.honorifica,·curnalii,
915 2891 1096 2974 scientiar

42 2991 190 3063 eruditas
209 2989 328 3080 rnulto
349 2986 478 3063 sudoro
493 2987 685 3082 multoque
699 2985 827 3074 labore
843 2989 985 3084 adolii,
1003 2991 1095 3068 mul·

39 3085 76 3158 tia
89 3087 124 3162 in
142 3109 226 3161 rern
244 3086 449 3161 literariarn-
461 3083 625 3175 mantin,
648 3085 764 3162 vilaro
782 3087 846 3164 vix
862 3087 1069 3164 sustineant.

139 3185 278 3279 Frmrgc
293 3190 381 3260 leurs
398 3187 556 3272 cunnos,
582 3187 626 3270 f?
636 3185 771 3280 scinde,
803 3187 919 3278 Tulle,
948 3191 1094 3280 libellos,

142 3287 189 3359 Si
207 3287 285 3356 dure
295 3283 407 3379 smorl
424 3287 552 3366 calceus
574 3285 633 3355 illa
643 3283 803 3380 potesta
1035 3323 1042 3337 ι

119 3379 216 3456 Inde
236 3380 344 3454 etiarn
364 3377 581 3478 =nobilillirui
612 3383 747 3474 quique
760 3372 950 3460 ,nostrates
964 3381 1094 3478 ·priori

39 3475 175 3572 leculo,
201 3477 496 3572 conscientiis,
525 3473 718 3568 artificium
740 3477 889 3572 aliquod
911 3477 1093 3556 addiscere

38 3577 243 3670 plerumque
281 3573 379 3656 filios
408 3573 605 3670 iniierunt,
644 3575 923 3652 &Nobiliorea
948 3579 1091 3676 Angli,

40 3676 89 3762 qui
111 3675 348 3752 nobilitatem
374 3673 408 3765 dr
432 3673 587 3768 pradia,
629 3673 672 3748 ad
696 3671 811 3752 filiurn
836 3687 976 3752 tanturn
1002 3691 1092 3754 natu

39 3777 224 3848 narirnum
242 3783 468 3866 propagant,
486 3771 530 3846 ad
553 3769 708 3848 artificia
726 3789 900 3870 cetuna,
919 3789 1091 3868 tanquam

40 3869 240 3966 adAsylum
259 3867 511 3966 cartilirrnum,
538 3870 717 4064 anlggaut.
960 3964 981 4064 ς
1022 3963 1077 4043 m
