2688 4752
3 237 4 284 ;
97 195 481 282 FUNDAMENTA
512 199 959 298 Qumrltotoclcn.
1012 227 1079 286 rrr

25 383 161 460 melius.
223 381 300 460 Has
326 382 454 458 icones
477 379 632 458 ineditae
654 381 1081 466 Generonlumusnutae

22 481 281 556 Marescballua
301 481 358 555 De
371 481 472 570 Gerr,
499 479 537 556 in
551 479 614 554 suo
631 480 752 556 museo
766 485 962 576 etiamnum
980 485 1082 564 aller·

23 597 90 654 aar.
146 577 368 652 ALBINUS
386 579 518 672 Anglus
539 575 708 672 &pistor
725 599 822 654 anno
846 605 950 676 1730.
969 585 1080 678 pluri·

22 699 91 752 naa
116 675 284 770 Europa
308 697 394 752 aver
420 675 518 750 veris
544 675 732 757 coloribus
757 676 913 772 depitlas
944 681 1080 778 edidit,

22 775 72 850 led
101 774 137 848 aa
165 773 252 848 illas
281 795 359 848 non
389 771 526 868 semper
553 771 597 846 ad
624 773 751 848 vivum
779 777 978 870 exprellas,
1017 781 1079 856 src.

21 873 90 960 ubi,
112 869 376 946 deficientibus
393 890 469 946 non
484 891 668 964 nunquam
685 873 783 946 veris
799 877 1078 971 exemplaribus,

21 973 59 1044 arl
81 968 353 1062 descriptiones
377 981 542 1043 veterum
569 983 764 1062 utcumque
786 975 931 1076 colores
952 987 1078 1048 attem-

23 1090 140 1163 perare
162 1065 287 1140 fuerat
304 1065 461 1142 cordua.
513 1063 823 1142 CATEsuAEus
837 1069 992 1164 Argius,
1018 1075 1078 1146 ad.

22 1165 233 1242 hortatione
250 1163 493 1240 Mecenatum
508 1162 694 1254 incitatus,
715 1163 921 1241 Carolinam
938 1169 1078 1246 Ameri-

22 1286 74 1338 ees
96 1261 290 1356 profertur
311 1259 385 1352 est,
411 1259 508 1336 unde
538 1281 627 1354 1731
653 1261 769 1336 redux
796 1263 969 1362 integram
994 1289 1078 1346 cen·

23 1365 145 1436 ruriam
165 1361 293 1434 avium
313 1379 489 1434 novaram
507 1357 700 1434 admodum
726 1361 877 1454 pulchre
896 1365 994 1456 uiuis
1015 1389 1078 1440 co·

21 1461 179 1550 loribus,
210 1476 288 1532 non
308 1455 382 1530 line
399 1455 500 1530 orbis
515 1453 646 1528 eruditi
670 1455 932 1551 admiratione,
958 1463 1078 1538 divul-

20 1559 125 1654 gavit.
182 1545 441 1630 FRISCHIUS
460 1552 672 1648 Beralinrnfis
699 1574 787 1630 aver
814 1559 984 1650 plurimas
1006 1561 1078 1634 Bo-

20 1654 122 1728 mffiae
137 1653 327 1750 eleganter
342 1650 375 1725 dr
392 1651 508 1730 nitide
529 1651 706 1746 depinxit.
757 1653 1078 1733 EDWARDSUS

21 1755 173 1848 Anglur,
197 1751 360 1842 reliquos
380 1749 475 1822 inter
494 1747 546 1822 est
561 1749 893 1842 excellentiffimur,
918 1757 1022 1850 cujus
1039 1758 1077 1834 ln

21 1851 108 1924 hanc
124 1848 315 1924 scientiam
337 1847 465 1922 merita
483 1844 557 1920 sera
577 1847 846 1924 exosculabitur
862 1852 1076 1950 posteritas,

22 1949 109 2038 llic,
132 1945 299 2020 Londini
317 1944 472 2040 degens,
498 1963 597 2038 quo,
623 1959 803 2038 tamquam
820 1949 921 2024 orbia
934 1951 971 2023 in
992 1973 1076 2028 cen·

22 2061 132 2136 tum,
160 2042 535 2137 aveacomplurimte,
564 2063 609 2115 err
625 2043 865 2118 remotilbmia
884 2048 990 2122 terris
1011 2071 1076 2124 un·

21 2145 196 2238 dquaque
211 2139 446 2236 conquilite,
470 2138 638 2212 certatim
657 2155 944 2236 congregantur,
970 2167 1076 2220 occa·

20 2241 150 2316 ionem
170 2259 249 2314 non
263 2235 508 2334 pretermisit,
534 2236 621 2330 quin
637 2237 843 2314 incredibili
861 2241 1001 2330 lludio,
1024 2243 1076 2316 di·

21 2339 165 2434 ligentia
183 2336 472 2424 &dexteritate,
500 2333 599 2410 viv-la
619 2335 828 2428 coloribus,
854 2351 928 2412 tres
949 2355 1077 2417 centu·

21 2439 85 2510 naa
107 2458 193 2511 cum
211 2433 359 2508 dimidia
377 2433 500 2508 avium
520 2433 719 2526 rariorum,
750 2455 850 2510 anno
873 2457 966 2530 1745
986 2437 1075 2513 deli·

20 2547 138 2610 aeetae
171 2532 415 2620 describeret,
449 2531 541 2604 adeo
569 2531 735 2628 egregie,
776 2546 817 2608 ut
848 2533 1074 2627 pulchriores

18 2653 90 2710 aon
107 2631 273 2726 viderit,
298 2629 451 2723 seroque
469 2627 608 2704 visurus
623 2629 665 2704 lit
686 2629 786 2705 orbis
801 2631 977 2708 literatus.

468 2791 506 2892 §t
556 2793 624 2873 111.

108 2911 522 2992 SYSTEMATICUM
548 2913 585 2991 in
614 2914 779 2990 ordinem
800 2937 888 2992 aver
911 2917 1076 3016 redigere

19 3039 105 3114 apua
125 3015 181 3092 est
204 3011 338 3088 summe
362 3013 522 3088 arduum.
571 3011 744 3090 Nobiliff.
765 3013 839 3088 Dn.
859 3013 1076 3110 PRAESES‘,

19 3131 127 3190 totam
155 3125 293 3189 natura
315 3107 502 3186 historiam
529 3110 728 3186 reformare
754 3131 819 3204 ¹73
824 3133 845 3202 5
874 3113 1073 3209 eggressus,

17 3215 108 3288 lmul
134 3230 228 3288 aver
249 3208 286 3282 in
302 3207 466 3297 Ordines,
481 3205 644 3304 redegit,
675 3207 801 3284 harum
820 3209 966 3284 Genera
991 3211 1074 3285 cha·

16 3311 210 3388 rafieribua
228 3305 384 3384 stabilita
406 3305 542 3401 primus
564 3303 777 3395 constituit;
808 3329 879 3399 qua
896 3308 1073 3384 methodo

17 3431 85 3484 non
109 3421 256 3481 tantum
280 3403 466 3499 indigenas
482 3401 620 3477 Sueciae
642 3403 681 3480 in
703 3405 990 3492 ramaneant,
1015 3407 1074 3484 sed

17 3507 235 3581 &exoticas
258 3501 450 3598 plurimas,
477 3501 514 3576 in
539 3501 790 3579 Ammritatr'lus
814 3501 1074 3582 Academicis&

17 3605 130 3700 Museo
145 3603 269 3696 Regia,
294 3597 496 3694 descriplit,
523 3597 640 3692 licque
656 3599 888 3672 fundamenta
908 3598 994 3674 artie
1011 3625 1072 3700 ge.

15 3703 161 3776 neribus
178 3699 306 3774 innixa
318 3696 419 3790 jecit.
470 3693 597 3791 Magni
616 3693 912 3772 REAUMURII
943 3699 980 3772 in
1004 3723 1072 3774 no·

16 3799 115 3876 stram
134 3797 290 3885 merita,
314 3793 457 3868 silentio
475 3793 500 3870 st
518 3793 758 3888 preterirem,
783 3793 937 3888 iniurius
952 3795 1071 3872 essem.

17 3897 81 3974 llic
106 3895 173 3992 qui
197 3905 301 3970 unta
318 3889 357 3968 N
359 3903 469 3978 arturo
489 3889 528 3968 io
544 3889 707 3968 Historia
730 3893 939 3972 eruditione
961 3895 1073 4007 incia.

19 4031 23 4041 ·
839 4037 843 4044 ·
976 4005 1072 4086 rurt,
