2640 4744
270 242 343 314 eqo
587 201 777 292 'totus
811 210 982 290 THEAE.

575 395 626 469 V.
665 389 1018 468 PRAEPARATIO.

364 493 472 568 Folia
493 490 583 567 ³sunt
609 493 716 586 hujus
742 492 907 579 fruticis,
931 513 1010 585 quar
1026 489 1173 589 lufirsuar
1190 491 1304 568 consti·

269 605 378 668 tuunt
403 591 515 677 Tira,
541 591 687 686 digitis,
713 613 824 665 unum
841 588 924 684 post
942 591 1114 678 alterum,
1141 591 1304 685 decerpta,

269 711 416 786 quoque
434 691 606 784 juniora,
638 712 685 762 eo
710 690 818 761 etiam
844 689 1020 778 meliora,
1054 689 1186 766 habita.
1234 690 1304 764 liat

269 789 400 863 eodem
424 789 504 878 die,
534 808 609 881 quo
636 787 880 883 colliguntur,
926 785 960 859 ἀ
993 787 1109 862 adhuc
1143 789 1303 876 recentia,

268 886 373 981 super
405 885 556 960 laminas
589 885 724 958 ferreas
754 884 884 974 strata,
916 883 1061 958 fornaci
1090 886 1304 978 imponuntur

268 985 412 1075 calido,
433 996 475 1057 ut
499 1006 520 1056 a
541 982 642 1056 furno
668 997 881 1071 arceantur,
908 1004 1062 1073 cumque
1087 981 1181 1056 bene
1203 981 1302 1056 sudare

268 1081 497 1177 inceperint,
518 1081 686 1154 manibus
707 1083 837 1154 crebro
859 1080 1198 1153 circumvolvuntur
1213 1081 1244 1152 ot
1257 1080 1303 1154 stc·

269 1194 421 1270 eantur,
446 1179 504 1253 cui
537 1178 690 1273 negotio
718 1181 814 1252 bene
841 1176 1089 1272 perficiendo,
1113 1195 1236 1253 manus
1262 1199 1302 1250 re

269 1278 457 1372 quirantur
476 1276 651 1365 adsuetae,
677 1275 818 1349 neceffe
839 1275 902 1349 est.
955 1277 1029 1380 Qui
1051 1278 1088 1350 in
1106 1276 1174 1350 hac
1191 1299 1228 1348 re
1245 1277 1302 1369 plu·

267 1398 309 1450 ra
333 1378 452 1470 legere
476 1375 600 1468 cupit,
627 1373 806 1469 Kompseri
828 1374 932 1447 adeat
946 1376 1132 1468 Fasciculus
1150 1375 1302 1449 Antoniu-

269 1491 339 1548 rum
355 1480 574 1559 erraticorum,
595 1489 674 1569 pag.
689 1477 775 1554 618.
801 1475 845 1558 ἃ
856 1474 946 1567 seqq.
992 1468 1117 1566 Geoffr.
1139 1473 1226 1546 Mar.
1241 1474 1301 1543 aul.

270 1594 303 1644 2.
331 1588 365 1666 ρ.
382 1573 466 1663 276.
500 1570 564 1642 ubi
590 1572 700 1644 etlam
730 1568 965 1643 instrumenta
1002 1568 1074 1643 huc
1109 1571 1304 1663 pertinentia

267 1666 442 1743 lec'iorem
468 1689 546 1742 non
571 1667 724 1764 fugiant
775 1666 883 1740 Fama
910 1668 1168 1760 plerorumque
1196 1669 1231 1741 in
1253 1685 1301 1740 ore

268 1765 345 1855 est,
369 1764 484 1840 Thea
507 1765 600 1839 folia
624 1767 663 1840 in
682 1762 800 1839 ctrina
829 1765 928 1858 prius
954 1765 1098 1840 infundi
1126 1768 1302 1857 iterumque

267 1864 462 1956 exliccari,
488 1885 595 1960 quam
620 1863 665 1938 ad
693 1883 763 1938 nor
785 1875 1101 1956 transportentur3
1127 1883 1245 1937 rumor
1266 1877 1302 1934 ta·

266 1984 350 2037 men
385 1961 445 2036 hic
479 1963 582 2036 nullo
616 1960 746 2035 nititur
783 1958 1043 2050 fundamento,
1085 1963 1121 2036 δι
1150 1962 1303 2056 originem

266 2061 401 2135 debere
425 2059 573 2134 videtur
599 2058 829 2134 Chineosrum
853 2059 970 2149 mori,
993 2059 1085 2134 folia
1109 2061 1229 2156 prime
1246 2057 1303 2130 col·

267 2158 437 2236 lollionis
476 2173 583 2233 antea
621 2157 835 2233 infundendi
879 2178 971 2251 aqua
1017 2157 1184 2249 fervida,
1219 2175 1303 2250 quan

266 2257 409 2332 fornaci
439 2257 674 2350 imponantur
706 2255 928 2332 exficcaoda.
992 2254 1079 2330 Hoc
1103 2277 1197 2330 vero
1224 2268 1302 2327 tanta

266 2355 453 2450 peragitur
481 2354 691 2442 celeritate,
718 2366 761 2424 ut
781 2353 846 2426 vix
872 2375 972 2446 aquae
1003 2353 1187 2444 immersa,
1210 2349 1301 2426 rursus

265 2451 353 2524 inde
379 2450 622 2524 extrahantur.
674 2449 780 2524 Folia
803 2466 1001 2544 praeparata
1026 2453 1171 2546 optime
1189 2446 1301 2525 includi

266 2547 302 2620 δι
325 2545 494 2622 allervari
515 2546 672 2638 debent,
698 2569 746 2622 ne
773 2549 913 2622 alienus
942 2551 1120 2643 quispiam
1150 2552 1239 2623 odor
1263 2547 1301 2618 in·

266 2646 408 2743 gratior
437 2647 491 2722 eis
524 2645 694 2735 accedat,
722 2667 796 2738 quo
824 2647 977 2722 minoris
1009 2649 1173 2722 evadunt
1194 2643 1301 2743 pretii,

266 2767 448 2838 quemque
465 2745 627 2819 omnium
647 2743 819 2818 facillime
835 2747 1032 2824 attrahunt.
1082 2746 1226 2821 Notata
1240 2743 1302 2818 sent

266 2845 414 2939 dignum
435 2841 508 2934 est,
532 2841 633 2937 quod
655 2840 851 2917 Chincnses
868 2865 997 2919 omnes
1019 2845 1198 2941 colligant
1224 2843 1301 2938 plan

266 2956 322 3012 tas
346 2939 424 3013 suas
449 2941 676 3030 officinales,
717 2961 799 3014 cum
824 2940 941 3014 adhuc
962 2941 1043 3015 sunt
1066 2945 1228 3032 tenella,
1252 2957 1302 3012 no

265 3037 347 3111 stris
372 3059 464 3112 vero
488 3039 527 3114 in
551 3038 646 3111 locis
671 3060 732 3111 eas
757 3060 833 3112 non
861 3040 925 3112 nili
959 3041 1110 3114 adultas.
1161 3037 1302 3115 Prunbn

267 3135 400 3209 abhinc
424 3138 551 3228 annis,
578 3135 698 3210 Drnus
723 3136 875 3228 Praeses,
905 3135 1066 3212 eChioa
1086 3139 1160 3214 hue
1183 3139 1303 3211 allatam

267 3234 412 3326 accepit
428 3233 609 3308 officinam
626 3234 978 3323 Pharmaceuticam,
994 3259 1073 3329 quae
1089 3251 1171 3310 tota
1191 3246 1303 3328 quanta

266 3354 313 3406 ert
330 3334 465 3426 plantis
482 3354 608 3406 eorum
628 3331 818 3406 constabat
839 3333 1102 3422 officinalibus,
1129 3335 1181 3408 ita
1203 3345 1303 3405 tanen

266 3431 438 3504 omnibus
460 3431 595 3504 teneris
615 3430 799 3518 colletiis,
824 3429 858 3502 ilc
887 3447 972 3505 ante
1000 3454 1106 3525 quam
1137 3455 1184 3506 ne
1212 3429 1302 3504 flores

267 3528 412 3619 quidem
440 3528 474 3602 se
504 3526 737 3602 ostendillent
758 3529 1022 3624 erumpendos,
1049 3544 1090 3603 ut
1119 3553 1181 3604 cas
1206 3527 1304 3630 detrr3

266 3626 405 3698 minare
442 3627 545 3700 nullo
581 3626 695 3699 modo
738 3625 864 3720 pollet.
938 3629 992 3701 Ut
1036 3628 1181 3700 medico
1230 3619 1302 3697 mih!

266 3721 349 3796 heic
380 3722 572 3796 observare
600 3726 729 3811 liceat,
765 3727 1064 3819 Pharmacopolia
1092 3721 1304 3801 Chinenfium

265 3818 399 3893 talibus
418 3822 628 3914 plerumque
644 3823 809 3916 impletas
827 3821 895 3895 elle
913 3824 1151 3918 fimplicibus,
1170 3825 1204 3896 ot
1220 3821 1303 3915 plan·

263 3917 314 3992 tia
330 3917 607 4012 simpliciffimis,
636 3943 714 4013 quae
739 3936 780 3996 ut
803 3919 969 4015 specifica
993 3921 1057 3996 suo
1077 3923 1208 4016 cuique
1223 3931 1303 4084 rapt·-
