2724 4746
247 121 294 195 72
376 95 768 174 OPOBALSAMUM
799 92 1173 172 DECLARATUM.

247 277 482 350 Nobilislirno
516 277 683 350 Domino
719 276 915 350 Archiatro
950 277 983 348 &
1015 276 1162 348 Praefide
1190 295 1320 364 nuper

247 376 354 467 ipsius
372 378 522 449 nornine
545 376 785 468 adpellatutn‚
810 376 893 450 heic
915 374 1100 468 adponere
1123 395 1198 446 non
1223 372 1322 446 alie·

248 494 334 548 num
355 473 429 544 dixi
443 468 516 569 ζ’)

346 569 559 644 Desumtntn
582 587 701 644 autern
721 571 772 644 est
793 572 865 644 hoc
884 570 1011 644 Genus
1029 593 1074 642 ex
1094 567 1324 661 seminibus,

249 690 328 760 quae
362 672 535 744 celeberr.
568 669 714 742 Forsltal
751 669 868 764 ipse
859 691 896 741 in
925 670 1059 741 Arabia
1082 670 1251 762 collegit,
1285 669 1326 740 dt

249 763 393 840 indultu
409 767 517 861 Regis
534 767 663 841 Daniae
679 761 913 840 Potentillimi
930 768 973 838 ad
996 767 1137 838 Hortos
1157 789 1221 858 per
1238 764 1325 837 Eu·

250 885 376 955 ropam
399 865 598 940 Botanicos
620 864 896 940 transmittenda
915 865 1091 938 curavit.

353 962 499 1052 Planta,
524 962 755 1038 obscurat
692 986 736 1036 an
741 977 798 1035 tea
823 959 1087 1035 &charactere
1110 959 1325 1054 inperfedlo

248 1059 430 1154 planeque
446 1060 571 1133 misere
592 1083 656 1154 per
675 1061 903 1135 Plultnetium
921 1059 1123 1147 delineata,
1154 1074 1194 1132 ut
1210 1059 1325 1132 Neu·

249 1157 370 1231 radam
392 1157 461 1228 elle
488 1159 674 1248 crederet,
709 1159 769 1251 qui
795 1179 869 1230 non
896 1158 989 1232 hanc
1016 1155 1235 1242 crescentem
1258 1158 1325 1227 vi·

251 1255 363 1327 deret.
417 1254 544 1328 Flores
564 1258 641 1346 ejus
664 1256 743 1330 sunt
767 1255 933 1348 profesio
959 1255 1149 1349 singulares
1169 1276 1324 1328 eorum·

251 1375 323 1445 que
338 1370 480 1446 partes,
504 1351 700 1426 tenuiffirna
718 1357 800 1426 lana
818 1354 1039 1446 bombycina
1057 1352 1149 1424 adeo
1166 1353 1324 1426 intrica-

252 1463 320 1536 ta,
346 1465 388 1522 ut
404 1450 559 1522 fateatur
578 1449 681 1526 Nob.
706 1451 824 1525 Dznus
843 1451 971 1524 Praeses
993 1449 1324 1526 fructificationem

251 1548 330 1638 ejus
353 1546 420 1619 elle
442 1547 538 1619 inter
552 1546 799 1638 difficillimas,
824 1566 911 1639 quas
930 1549 1147 1634 extricavit,
1175 1565 1217 1622 ut
1233 1571 1324 1622 eant

251 1644 318 1715 vix
343 1641 591 1736 peritilfintus,
616 1647 779 1739 partibus
804 1647 966 1719 nondum
991 1645 1171 1740 cognitis,
1198 1648 1324 1740 expli·

252 1743 405 1813 caverit.

350 1838 1322 1934 Foliorumquoqnehujusplantamirabilisestindo·

251 1937 328 2028 les,
352 1939 449 2030 quod
469 1938 619 2032 superne
639 1939 827 2030 quibusvis
839 1937 990 2030 objectis
1005 1951 1076 2009 tarn
1091 1938 1184 2010 artie
1199 1939 1325 2012 adhae-

251 2050 377 2120 reant,
407 2049 448 2109 ut
463 2035 709 2144 discerpantur
725 2038 856 2126 citius‚
878 2059 982 2131 quarn
998 2036 1150 2129 separari
1167 2036 1321 2130 pollina.

349 2129 679 2212 Foussttlttn.

402 2231 511 2306 CAL.
557 2235 780 2305 Periantlrinm
814 2231 1094 2325 hexaphyllum,
1134 2181 1323 2308 aredium:

550 2327 691 2400 foliolis
707 2327 1094 2419 lineari-lanceolatis,
1120 2332 1323 2423 parallelis,

551 2427 690 2513 acutis,
716 2425 995 2517 persistentibus.

250 2595 253 2602 .
398 2521 513 2598 COR.
555 2526 672 2598 Petale
705 2523 851 2612 decem,
895 2524 1090 2616 spatulata,
1126 2545 1325 2618 concava,

547 2621 699 2712 obtusa,
737 2620 861 2712 rudia,
898 2624 1023 2714 calyce
1052 2622 1202 2696 dimidio
1235 2625 1325 2698 bre·

549 2720 670 2806 viora,
690 2718 820 2810 ereila,
839 2720 1115 2794 marcescentia:
1133 2721 1325 2816 unguibus

549 2815 801 2904 filisorrnibns,
827 2817 1055 2912 longitudine
1073 2818 1185 2892 limbi.

397 2913 552 2990 STAM.
577 2914 758 2987 Filrmerttu
789 2915 939 3002 decern,
971 2915 1176 3005 filifotmia,
1218 2917 1326 2996 intra

551 3013 723 3106 singulum
740 3014 899 3107 petalum
910 3013 1063 3110 singula3
1081 3015 1326 3110 longitudine

550 3111 766 3204 petalorurn.

549 3207 705 3282 Anthene
725 3208 976 3290 subrotnndae,
1005 3209 1171 3304 didyme.

396 3302 514 3385 PIST.
543 3307 695 3380 Gerrnlna
711 3306 890 3398 quinque,
917 3306 1102 3401 distincta,
1129 3309 1323 3408 oblonga,

593 3405 673 3475 lana
692 3404 882 3477 obvoluta.

549 3506 639 3594 Scyll
653 3501 803 3588 setacei,
831 3505 971 3578 corolla
987 3504 1185 3600 longiores

547 3604 709 3694 Stigmata
723 3600 907 3696 simplicia.

1200 3697 1319 3781 PER.

112 3847 115 3852 .
248 3829 527 3857 m
1028 3833 1321 3858 -ῄ-

285 3896 511 3986 (warstan
530 3889 1268 3978 iratumne,oblitine-abary63,09trt11.
