2770 4752
130 221 135 230 .
234 169 357 244 usus
386 165 642 271 ursiniano
675 165 981 242 unwanus:
1061 189 1140 270 437,
1188 179 1192 188 ·

64 342 157 418 tiam
200 347 378 420 evehunt.
438 345 589 423 liunus
618 358 736 422 autem
768 345 1061 422 &emolumenti
1087 367 1134 420 ex

62 439 138 514 illis
159 445 257 518 nihil
283 443 483 538 exspeflet,
508 443 573 519 nifr
595 443 675 539 quis
702 443 913 518 infcdlorum
942 459 1133 517 metamor·

63 541 205 632 phofes
226 543 259 616 dt
279 541 325 643 lic
343 539 458 618 cllflos
479 539 624 616 somnos
644 543 836 636 bombycis
857 542 1028 634 sciverit,
1059 542 1134 616 cul·

62 651 266 734 turamque
297 636 468 713 Mbdrum
495 639 685 730 didicerit,
717 661 864 730 natarum
887 639 999 728 folia,
1032 641 1135 730 bom·

63 734 209 825 bycum
230 737 613 852 princepppabulumf
630 737 651 810 fr
671 735 885 828 defecerint,
911 735 1133 842 Lprvissuic,

62 835 181 908 autli
208 835 349 922 mavis,
382 833 452 908 stris
480 835 620 910 divinis
652 835 804 925 amplius
826 835 896 908 frui
921 843 1002 910 nbn
1028 849 1133 928 pote·

61 931 136 1019 ric,
173 953 288 1025 quum
318 953 466 1018 omnes,
505 947 822 1024 quantumcunque
852 953 979 1008 eorum
1006 953 1133 1028 agmen

61 1027 206 1121 fuerit,
243 1028 362 1104 fenfim
384 1029 576 1220 sanlimquge
590 1029 688 1202 ἷεῧε
710 1043 871 1124 pereant.

161 1227 325 1310 Pelices,
361 1221 483 1298 hostes
510 1182 643 1318 pelfrmi
663 1180 772 1298 ‘sexus
797 1223 1011 1312 nobilioris,
1045 1236 1133 1302 tem·
1166 1178 1189 1211 ⁹
1247 1303 1252 1308 ,
1321 1257 1325 1268 t

56 1341 159 1414 pore
184 1321 331 1411 aestivo,
357 1323 535 1398 tolluntur
552 1315 722 1398 facillime
741 1323 836 1418 pelle
850 1323 1026 1418 Leporino,
1044 1335 1134 1397 nota

57 1417 169 1512 prins
201 1419 340 1512 leporis
369 1431 508 1492 natura.

169 1519 324 1592 Pediculi
351 1511 699 1612 defruunturgelu‚
730 1515 1132 1617 Hyelrrrrgyro'„8mpbi·

48 1615 194 1711 fizgrla,
226 1610 374 1702 Vnnlro,
398 1615 500 1709 Apio,
529 1615 758 1710 Illerrispermo,
779 1616 884 1704 Ralla,
905 1612 1033 1704 Lauro,
1054 1617 1132 1690 Cru-

59 1737 121 1800 cu,
153 1713 379 1806 Pinguicula,
409 1714 508 1803 oleo,
540 1713 674 1884 illarii.

167 1908 357 1994 Iarmbrici,
377 1909 436 2000 qui
449 1907 567 1980 hortis
581 1905 670 2000 sepe
683 1909 833 1980 multum
850 1905 1056 1980 detrimenti
1073 1903 1132 1978 ad·

61 2003 168 2078 ferro
188 2005 329 2086 solent,
352 2003 708 2100 pellrrntursuligine5
727 2005 911 2078 Hirudines
928 2005 964 2076 in
987 1999 1133 2097 piscinis
1235 2011 1243 2018 “

63 2101 99 2172 dt
117 2103 270 2176 Lemma
284 2097 360 2174 solo
378 2099 446 2175 falc
461 2101 666 2176 muriatico.
696 2101 765 2174 Sed
781 2121 924 2175 manum
941 2099 986 2174 de
998 2099 1132 2174 tabula.

173 2197 230 2272 Ex
258 2199 382 2290 paucis
412 2199 530 2291 enim,
565 2221 643 2294 que
672 2199 825 2286 adduxi,
872 2198 1008 2292 opinor
1043 2217 1133 2270 con·

64 2291 189 2384 stare,
224 2315 496 2390 quemcunque,
537 2299 596 2391 qui
626 2296 684 2372 sua
713 2297 806 2372 tueri
831 2295 864 2370 dr
891 2293 1133 2390 multiplicare

67 2393 378 2484 vulneratione,
401 2393 459 2468 seu
478 2397 514 2468 V
517 2395 729 2492 egetabilia,
755 2393 813 2467 feu
834 2393 1040 2484 Animalia,
1066 2391 1132 2470 litte

68 2491 242 2586 gulorum
271 2489 371 2565 nolle
400 2492 532 2566 debere
565 2491 724 2567 indolem
761 2490 795 2564 dt
834 2491 985 2566 vivendi
1021 2489 1133 2566 ratio·

67 2607 182 2678 nem,
217 2609 321 2680 quam
348 2589 453 2688 ipsius
488 2605 622 2665 nature
646 2589 784 2686 Opifer
809 2587 991 2664 instinfiui
1018 2587 1132 2682 lingu-

69 2683 215 2770 lorum,
243 2687 286 2758 ad
304 2685 585 2780 uniuscujusque
610 2688 781 2762 fabricam
810 2688 845 2760 dr
866 2685 1029 2780 stabilem
1054 2683 1132 2757 uui-

67 2781 167 2852 verli
202 2781 388 2872 ordinem,
421 2784 688 2860 convenienter
716 2783 859 2862 indidit.
910 2783 1007 2856 Turn
1034 2781 1132 2856 enim

70 2891 240 2951 naturam
260 2881 386 2956 ducem
407 2881 587 2975 sequendo
610 2885 801 2969 alimenta,
826 2878 1051 2968 habitacula,
1074 2899 1132 2956 ce·

70 2984 152 3044 tera
176 2977 320 3067 omnia,
345 2980 388 3054 ad
416 2981 698 3073 uniuscujusque
725 2977 857 3074 speciei
884 2975 1133 3052 commoda&

70 3057 344 3178 foecunditatem
386 3077 549 3152 instruet.
616 3077 793 3152 Naturam
833 3099 920 3172 ergo
950 3073 1130 3161 studebit,

70 3183 228 3276 eiusque
250 3169 514 3250 Oeconomiam
531 3175 564 3248 a
583 3173 774 3260 Politiam,
800 3197 875 3249 non
901 3173 990 3274 lucri
1008 3186 1132 3246 tamen

70 3262 248 3348 cupidine
276 3267 360 3344 sola.
421 3271 613 3346 Brutorum
634 3273 770 3346 enimsi
796 3294 872 3346 non
896 3267 1130 3362 commiscen-

66 3351 130 3424 dus
150 3362 325 3454 gregibus
341 3367 472 3460 fuerit,
497 3371 731 3444 delectabitur
756 3364 908 3444 omn'ino
935 3367 1056 3454 simul,
1079 3365 1132 3438 su·

63 3469 253 3540 proquam
270 3467 391 3540 vorbis
405 3468 577 3561 explicari
594 3467 728 3562 potest,
742 3466 963 3539 Diuinorum
979 3481 1132 3557 operum

60 3557 403 3653 §intemplationm
414 3579 451 3636 et
466 3565 704 3639 admiratione
722 3579 843 3648 tantae,
854 3584 931 3654 quae
946 3563 1079 3654 ubique
1094 3561 1132 3634 in

58 3637 128 3708 '¹¹¹⁵
147 3639 282 3754 fulget,
299 3657 505 3754 Maiestatis
523 3659 744 3756 infinitaeque
760 3663 794 3734 in
811 3663 1002 3734 humanum
1017 3679 1132 3755 genus

96 3731 315 3824 b0ss¹tatisr
346 3761 441 3831 unde
469 3782 544 3834 non
569 3761 705 3853 poterit
721 3783 795 3833 non
818 3759 897 3830 imis
911 3757 1085 3836 cordibus

65 3913 68 3920 .
150 3843 378 3944 agnoscere,
391 3875 560 3932 aternam
577 3857 645 3928 elie
664 3855 851 3930 foliusDci
870 3857 1033 3952 gloriam.

549 3953 610 4028 ne
635 3977 656 4049 3
924 3939 1131 4038 exuram
