2716 4748
342 167 468 256 usus
496 161 804 260 Mustouu't'rl
1030 195 1098 281 sar

43 357 105 438 rus
125 359 310 452 arborum,
325 359 423 438 circa
439 381 575 438 tarnum
598 363 740 438 muscos
764 361 909 460 alligare
932 359 1027 438 haud
1048 364 1101 440 ita

43 457 186 556 pridem
206 475 395 554 caeperunt
409 461 606 535 hortulani.
648 455 715 534 llis
733 479 826 535 vero
840 476 1018 557 perpetuo
1038 462 1102 538 hu·

43 559 224 646 mediatis,
248 571 396 634 truncus
421 559 560 634 radices
589 557 725 632 emittit
750 560 788 633 in
819 558 980 649 muscos,
1016 558 1103 636 dein

42 677 166 730 mmus
194 655 289 732 inira
314 665 433 732 novat
459 655 599 732 radices
627 670 854 752 amputatus,
881 655 947 732 suo
963 659 1103 753 planta·

42 767 106 828 tur
130 753 231 832 loeo.
791 777 795 788 ·

490 855 525 948 ς.
574 851 655 926 XV.

140 945 430 1026 introduxerunt
445 949 555 1048 Angli
573 948 748 1046 ingeniosi
768 950 806 1026 in
818 949 986 1024 hortulos
1002 949 1101 1046 l‘uot,

41 1045 277 1142 ecaespitosrr
299 1043 488 1141 paludibus
511 1047 711 1138 Americe,
736 1049 877 1142 plantas
906 1050 1100 1124 nonnullae

42 1145 225 1234 rariores,
250 1162 337 1240 quas
365 1159 471 1220 antea
494 1144 712 1220 conservare
735 1146 855 1220 nuilus
873 1143 1100 1222 Horrulanur

41 1256 229 1341 potuerat
280 1239 533 1340 lmpleuerunt
549 1259 667 1316 autern
690 1245 780 1317 ollas
808 1241 977 1338 sphagno
1000 1245 1101 1336 palu·

42 1340 131 1428 stri,
154 1341 191 1414 in
284 1341 340 1415 his
363 1343 571 1436 plantarunt
586 1344 816 1428 sarracenas,
847 1341 1099 1434 Vacciniumfln

43 1439 183 1535 tlojlapb
282 1439 443 1526 ,Rulunr
456 1443 721 1526 Clmnemnrum,
743 1439 994 1533 Hydrnstidem,
1015 1437 1101 1514 Dia·

43 1559 169 1626 rraearn,
200 1535 327 1611 Ledum
352 1535 409 1628 dt,
441 1557 518 1630 que
555 1533 634 1610 sunt
675 1547 807 1611 cetera.
874 1533 929 1608 Ut
959 1549 1101 1613 taceam

43 1633 148 1709 usum
170 1632 373 1709 muliorum
400 1635 500 1728 prius
531 1649 876 1724 commemoratum,
911 1633 948 1706 in
966 1635 1101 1728 plantis

46 1729 275 1808 hortensibus
299 1732 345 1804 ab
371 1733 499 1806 ardore
529 1730 700 1822 aestivali‚
727 1731 863 1828 frigore
886 1729 1042 1823 hyemali
1066 1732 1102 1805 dt

45 1831 131 1928 gelu
156 1822 294 1903 vernali
324 1831 493 1904 elevante
522 1828 778 1920 defendendis,
805 1823 1119 1926 circumcingitur.

47 1928 159 2002 etiarn
175 1929 324 2001 truncus
343 1928 493 2000 ariorum
510 1928 734 2002 erronearum
756 1924 905 2015 muscis,
931 1947 1030 2020 que,
1054 1925 1100 2000 ab

49 2027 126 2099 oria
162 2023 400 2098 remotiffirnis
435 2025 584 2115 adlate,
612 2023 766 2114 primunr
795 2025 1026 2118 plantantur,
1052 2039 1102 2096 ne

46 2137 134 2198 ante
162 2120 279 2216 aiter,
304 2133 476 2216 quantum
495 2121 578 2196 satis
593 2118 666 2214 est,
697 2119 857 2212 radices,
883 2117 970 2196 estu
992 2117 1101 2195 solari

48 2235 211 2316 pereant.

145 2412 206 2490 Ex
228 2405 356 2490 muscis
384 2321 500 2510 ipsuni
521 2415 611 2512 sepe
634 2409 812 2489 SOLUM
836 2411 1101 2512 cognoscimur.

46 2509 125 2588 Ubi
140 2513 238 2588 enirn
258 2513 393 2587 Milium
405 2513 549 2608 palustre
570 2512 717 2602 crescit,
743 2507 892 2608 AQUA
912 2511 1050 2601 subest,
1067 2509 1104 2584 dt

52 2613 188 2686 Mnnm
200 2609 346 2704 frentula,
371 2604 593 2684 FONTEM
609 2610 759 2702 indicat,
776 2607 871 2682 unde
889 2608 928 2682 in
943 2606 1104 2702 sylvis&
1134 2635 1148 2679 r

49 2707 607 2804 paludibus,N0rlandicir,s0lo
624 2703 842 2796 leonaste,
854 2705 1012 2801 indagari
1023 2705 1103 2798 pot

47 2807 133 2880 sunt
155 2805 279 2880 fontes
300 2805 441 2902 frigidi,
470 2825 624 2900 quorum
652 2805 702 2878 ibi
731 2823 859 2900 magna
890 2801 941 2876 est
970 2800 1103 2895 eopia3

48 2900 151 3002 quod
172 2902 210 2978 in
235 2903 336 2977 Flora
355 2903 542 3000 Lapponira
565 2904 693 2998 §.414
718 2901 970 2991 observatum,
993 2899 1105 2974 veris·

46 3003 173 3076 fimum
199 2997 268 3074 ene
293 2999 367 3096 l'ple
398 2997 561 3095 perspexi
590 2999 728 3097 sepius.
791 2997 850 3073 Ad
876 2996 1105 3073 mentionem

46 3095 172 3174 MNll
189 3097 319 3190 fontani
349 3098 546 3188 succurrit,
584 3097 682 3190 quod
703 3097 785 3171 heic
806 3095 850 3170 ad
869 3094 1041 3190 Ljurnkil,
1063 3094 1106 3170 in

46 3195 144 3271 locis
165 3194 392 3288 stercoratis,
420 3194 457 3272 iu
488 3193 804 3272 SPLACHNUM
827 3191 1104 3268 transformatur

42 3297 299 3390 ampullaceum,
336 3295 409 3366 hoc
440 3313 532 3366 vero
563 3293 601 3367 in
632 3289 727 3367 locis
757 3290 957 3386 Lapponiae
991 3285 1104 3362 finiri·

45 3392 117 3468 mis
149 3391 226 3464 abit
248 3391 285 3464 in
304 3387 616 3466 SPLACHNUM
634 3395 777 3475 tuterunt
803 3385 1105 3480 quemadmodum

44 3487 234 3564 MNIUM
246 3495 429 3564 eniminum
445 3501 603 3563 mutatur
620 3489 656 3562 in
668 3481 1103 3580 SPLACHNUMuascu·

45 3589 170 3684 Μανῆ,
204 3587 278 3660 hoc
298 3604 391 3661 vero
422 3586 459 3660 in
482 3583 795 3660 SPLACHNUM
826 3587 984 3668 rulrum3
1025 3597 1106 3674 quae

43 3683 258 3758 observatio
282 3687 319 3760 ln
343 3683 422 3757 solo
446 3683 534 3759 rnihi
559 3685 670 3758 natali
695 3678 903 3757 continuari
922 3697 1104 3768 rueretur,

41 3783 86 3858 in
104 3782 186 3856 aliis
203 3779 301 3856 forte
319 3781 447 3858 muscia
464 3801 543 3858 non
558 3773 632 3858 line
649 3777 714 3858 usu
731 3781 766 3856 dr
786 3777 1026 3855 delettatione
1050 3776 1105 3848 in·

40 3877 237 3956 nimenta
892 3929 901 3973 -A

918 3975 953 4064 §.
980 3959 1100 4043 XVII.
