2640 4744
187 128 528 278 ‘runonnrr'n
559 121 835 251 ruoreuurz'
980 183 1057 272 e„

21 349 120 422 lrrnn
142 345 373 442 relinquuntr
400 347 480 422 sunt
500 343 582 442 'qna
611 349 649 424 ln
670 347 789 426 inluso
812 344 1057 440 odeardis,

20 445 75 518 rlia
90 466 204 537 vero,
229 467 306 539 quo
325 447 362 522 in
384 441 575 520 substantia
592 445 660 522 dre.
684 461 792 524 erunt
807 445 1056 544 propinandar

20 543 202 618 iraeadem
231 565 376 638 quoque
403 545 526 620 omnia
560 544 599 621 in
632 543 852 620 nostratibus
877 545 952 620 indi
979 541 1058 620 enir

19 637 84 714 sunt
104 640 315 738 indaganda.
377 643 584 748 Quocirca,
608 641 685 718 haee
710 663 791 718 curo
820 643 857 718 in
886 563 1056 716 Nolano·

19 739 86 812 uiir
108 743 423 831 commendamur,
454 759 564 816 neruo
592 753 713 822 tamen
738 737 801 818 fibi
825 737 1057 836 persuadeat,

20 834 159 912 Medicis
176 860 247 914 nos
265 837 431 916 nudiores
450 837 542 928 effe,
567 855 677 933 prout
692 839 865 914 malevoli
888 853 1058 914 nonnuu·

20 955 108 1024 quarn
127 937 368 1030 cavillantur,
396 937 435 1023 in
460 937 526 1010 uili
547 937 665 1012 anina
689 937 977 1032 experimentum
1000 955 1058 1010 ea·

20 1046 126 1124 ptare3
151 1033 325 1130 intelligit
341 1033 438 1110 eninr
458 1033 613 1130 optime,
631 1035 691 1108 vel
712 1033 821 1110 nobie
838 1031 1058 1126 tacentibus,

19 1131 157 1224 prudens
168 1131 354 1224 Medicur,
365 1133 554 1230 quomodo
570 1131 660 1206 citra
674 1153 808 1208 noxam
820 1127 1059 1206 medicamina

20 1249 102 1302 nore
129 1229 199 1304 fint
222 1229 418 1321 tentanda,
442 1229 526 1305 dunr
551 1250 571 1302 a
595 1231 745 1304 minima
772 1229 847 1304 dosr
878 1227 1059 1324 incipiene

20 1323 122 1402 infin
141 1323 339 1420 senumque
359 1327 529 1425 insurgit,
555 1325 676 1402 donee
700 1325 866 1402 effectum
893 1324 975 1400 satis
997 1345 1058 1400 ex·

20 1439 125 1514 pertus
144 1423 221 1516 est,
246 1425 397 1520 perinde
421 1447 463 1502 ac
485 1445 567 1502 curn
589 1423 879 1514 Bella-Bonna,
903 1421 1058 1516 ,Conio,

21 1517 261 1617 Hyoseyamo,
288 1522 450 1615 Daturu,
483 1523 596 1598 inuno
624 1545 707 1598 cunr
733 1521 923 1598 Mercurio
953 1518 1057 1596 subli-

22 1634 102 1694 nato
118 1619 394 1698 venenatissirno
409 1619 540 1698 latium
559 1619 628 1696 elle
647 1617 782 1698 dudum
801 1617 985 1696 novimus.

93 1909 402 1990 'PURGANTIA
432 1819 694 1988 IngIGdNA
721 1931 765 1986 eu
788 1929 1059 2004 nuncupamur,

23 2026 83 2100 qua
106 2013 199 2108 apud
227 2031 298 2085 nos
328 2012 608 2108 provenientia,
633 2009 728 2083 haud
750 2007 854 2082 aliter
884 2030 926 2084 ae
950 2009 1060 2100 dapes

24 2105 145 2184 inentae
169 2123 358 2196 veterum,
389 2109 491 2184 nullo
519 2107 579 2182 vel
610 2106 763 2185 minimo
787 2107 909 2199 pretio
934 2105 1059 2180 heberi

24 2203 158 2296 poliunt.
209 2205 304 2280 Sunt
330 2227 421 2282 vero
453 2203 518 2280 illa
544 2205 607 2280 vel
626 2207 824 2304 spontanea,
856 2225 934 2298 quae
960 2205 1060 2278 ultro

25 2299 83 2376 lert
103 2319 293 2400 paternum
317 2304 453 2396 solum,
478 2305 539 2380 vel
565 2301 744 2399 hortensia,
768 2323 846 2398 quae
870 2305 909 2376 in
930 2301 1059 2376 hortor

25 2399 147 2478 nostros
169 2405 290 2494 illata,
315 2403 406 2478 citra
425 2403 600 2478 tulturarn
618 2401 803 2478 rnolestarn
823 2415 887 2474 aut
902 2399 1060 2474 srrmtuo·

25 2497 77 2572 lun
104 2501 232 2612 vigent
258 2513 367 2596 atque
393 2501 582 2576 hibernum
612 2501 725 2596 frigus
748 2496 809 2572 sub
833 2495 896 2572 dio
924 2497 1060 2572 serunt.

25 2591 147 2674 llorunr
166 2601 424 2712 pleroruruque
440 2600 644 2694 catalogum
665 2595 949 2708 insequentibus
968 2594 1061 2670 siste·

25 2693 1063 2896 ῗόῗῖίᾏῃὲῗῗῧτωιῃὸυῗοοίἓὲᾐἓῑῖξῐείξυέιῑεἓίᾚςῃῗῗῗ

25 2885 83 2960 hoe
110 2913 153 2966 ex
184 2894 282 2967 libro
311 2891 465 2967 nomine
489 2888 659 2985 indigena
681 2888 744 2964 fibi
774 2886 964 2962 familiaria
983 2883 1063 2960 red·

27 2983 92 3078 dat,
116 3013 201 3106 quo·
222 2989 260 3066 in
286 2987 750 3104 qua-triasaepa‘provineia
776 2985 932 3064 variant.
980 2983 1063 3058 Per·

26 3083 859 3374 {igidi‘dZGir'ff'diiE'nnrnnus
887 3175 1066 3273 otingun

64 3337 71 3354 .
113 3307 240 3360 uuo.

109 3307 244 3456 Frute3x
266 3381 302 3456 in
324 3378 438 3476 pratis
460 3399 537 3454 non
560 3376 792 3470 infrequens3
820 3375 857 3449 in
876 3371 970 3448 loeir
986 3369 1064 3446 sub-

28 3467 165 3552 huruidis
190 3477 437 3574 proveniens,
464 3473 664 3572 &quidem
689 3474 827 3572 semper
854 3469 1068 3546 subornon

28 3577 262 3662 proceriorunr
285 3575 467 3650 arborum.

111 3677 227 3749 orror
242 3673 348 3770 huius
369 3671 507 3764 flavus,
532 3671 684 3748 siccatur
709 3667 880 3745 cerevida
899 3665 1067 3743 secundu-

28 3761 71 3842 rla
84 3769 286 3848 infunditur
302 3773 325 3846 l.
343 3771 561 3866 decoquitur
578 3770 622 3844 ad
644 3765 760 3844 tertia
776 3765 888 3862 partis
903 3764 1068 3842 consum·

27 3861 162 3946 tiouern.
216 3869 325 3948 Dofie
341 3870 449 3948 uncia
467 3868 615 3946 dimidia
636 3865 688 3944 est
704 3861 1068 4034 valentioribuubtllffi
