2688 4752
239 123 311 208 104
678 111 856 189 LEPRA.

238 295 325 368 lium
351 295 503 369 aliorum
529 289 819 384 consrderantes,
855 291 1020 385 inprimis
1050 277 1200 388 piscium
1222 312 1321 366 ma-

238 393 424 481 rinorum,
452 393 615 464 videmus
652 393 712 464 illa
739 393 935 466 tuberculis
963 391 1111 464 subinde
1138 390 1324 481 infesta,

240 493 443 582 cujusmodi
463 491 692 573 obveniunt,
724 493 838 561 rarius
861 494 896 562 in
912 490 1076 581 jecinore
1089 490 1215 575 Lucii,
1243 487 1324 561 sae-

237 587 374 681 pissime
394 610 484 660 vero
506 588 541 660 in
562 591 687 679 clupea
703 587 854 682 Harengi
875 588 1004 659 nostrae
1030 588 1192 680 partibus
1218 599 1325 658 tan·

239 699 315 758 tum
338 708 412 758 non
437 685 601 781 singulis,
623 683 810 776 jecinore,
844 684 1023 758 intestinis
1046 691 1136 756 intra
1160 684 1327 775 perito-

239 805 379 870 naeum,
414 784 451 857 in
491 804 622 868 carne,
655 779 800 872 ipsaque
832 781 974 855 demum
1012 783 1054 852 ad
1092 781 1161 852 nlla
1191 804 1327 872 quam

239 881 419 974 proxime.
479 878 679 952 Vermiculi
711 876 767 950 isti
800 901 914 971 nuper
945 881 1159 964 innotuere,
1197 878 1324 948 Nor-

240 981 344 1070 vegis
366 1000 459 1049 vcro
486 977 602 1079 taefi
626 976 686 1047 sub
714 976 863 1048 nomine
891 979 1001 1071 vulgo
1026 976 1183 1068 cogniti,
1221 975 1326 1047 sunt

240 1097 333 1147 vero
363 1077 456 1167 quast
481 1075 590 1147 medii
617 1073 778 1147 Gordius
805 1075 900 1146 inter
924 1075 957 1145 dt
981 1073 1187 1157 Ascarides,
1219 1071 1323 1144 setae

241 1174 286 1248 ad
318 1173 602 1258 crassitudinem,
637 1172 729 1259 albi,
765 1189 873 1264 atque
900 1195 974 1264 quo
999 1171 1322 1260 demumcumque

242 1273 444 1358 accedunt,
474 1271 660 1341 tubercula
683 1271 872 1358 oriuntur,
898 1274 991 1342 intra
1018 1291 1116 1360 quac,
1141 1267 1247 1361 spirce
1275 1270 1324 1342 in

241 1371 394 1444 sormam
416 1367 662 1460 quiescentes,
691 1367 874 1458 tranquilli
902 1367 936 1440 se
960 1369 1163 1440 continent.
1220 1365 1324 1456 lpso

242 1467 280 1540 in
308 1467 397 1538 mari
426 1479 618 1557 generatos
645 1477 818 1556 oportet,
845 1466 907 1538 ubi
931 1465 1043 1556 pisces
1069 1464 1324 1555 occuparint,

243 1583 286 1637 ac
314 1563 469 1655 proinde
499 1583 598 1651 aquae
625 1561 715 1634 salsae
742 1575 910 1655 tanquam
935 1562 985 1635 sui
1018 1562 1098 1635 sunt
1129 1563 1323 1633 clementi

242 1663 446 1756 patientes,
471 1681 575 1752 quam
597 1673 719 1744 tamen
736 1681 827 1754 agre
845 1660 967 1734 ferunt
984 1661 1159 1734 vermium
1178 1679 1323 1752 quarn·

240 1757 390 1854 plurimi
412 1757 486 1830 alii.
540 1755 767 1831 GORDIUS
784 1767 940 1833 marinus.

708 1941 743 2028 §-
792 1936 836 2008 x.

345 2048 418 2120 Dn.
447 2048 592 2122 Martio.
627 2050 719 2122 Med.
750 2051 850 2122 Cant.
874 2069 920 2121 ex
946 2044 1136 2139 Norvegia
1163 2043 1322 2140 redux‘,

245 2141 453 2219 Academia
480 2145 535 2218 Sc.
560 2144 1093 2239 Reg.8tockholmiens11760.
1122 2165 1156 2233 p.
1173 2165 1208 2230 4.
1238 2144 1325 2236 hy-

244 2243 411 2336 pothesm
437 2243 651 2329 insinuavit,
678 2264 747 2333 qua
770 2247 925 2334 probare
950 2238 1118 2313 connisus
1137 2237 1211 2328 est,
1237 2242 1325 2316 Le-

243 2357 359 2435 man,
382 2339 573 2410 maritimis
583 2338 621 2410 N
625 2339 771 2432 orvegis
788 2340 974 2413 exitiosam
992 2336 1106 2426 adeo,
1122 2337 1208 2410 huic
1223 2359 1325 2412 ver·

242 2435 385 2507 miculo
412 2434 590 2527 originem
621 2435 764 2508 debere.
815 2437 1014 2534 Evulgavit
1031 2434 1161 2509 deinde
1184 2435 1324 2509 erudi·

248 2542 308 2602 tus
332 2531 382 2602 D.
404 2535 547 2618 Strnem,
574 2553 616 2606 ac
642 2532 775 2606 summe
802 2533 1027 2608 honorificus
1052 2532 1090 2605 in
1110 2531 1326 2628 Norvegia

248 2625 486 2722 Theologus,
518 2629 713 2705 Historiam
730 2631 768 2702 N
771 2635 942 2706 aturalem
964 2635 1142 2706 Sondmdrae
1155 2629 1326 2704 Norve·

249 2725 338 2822 giae,
366 2728 427 2799 ubi
458 2730 693 2802 vermiculum
723 2730 820 2803 hunc
850 2751 926 2802 non
948 2728 1058 2802 modo
1081 2748 1324 2801 commemo·

249 2836 326 2913 rat,
352 2823 408 2897 sed
436 2826 470 2896 dc
499 2825 558 2898 sua
585 2823 656 2899 fide
680 2826 829 2900 adstruit
852 2827 1032 2900 neminem
1059 2825 1324 2920 essenorum,

251 2922 313 3013 qui
336 2943 434 2994 mare
460 2925 651 3013 accolunt,
683 2925 740 2996 cui
769 2945 845 2997 non
863 2920 1142 3017 persuastslimum
1166 2923 1229 3014 srt,
1268 2928 1324 2999 ab

250 3037 299 3089 eo
324 3019 432 3090 unice
460 3021 661 3092 vermiculo
687 3021 839 3114 Leptam
868 3020 967 3094 istam
982 3021 1202 3110 provenire.
1262 3023 1326 3098 Et

250 3112 296 3189 ad
325 3137 394 3187 nos
420 3115 517 3206 quod
545 3119 698 3205 attinet,
731 3133 902 3210 quantum
940 3118 1082 3208 quidem
1117 3117 1225 3189 nobis
1251 3121 1326 3192 vi-

251 3210 337 3285 dere
353 3212 473 3286 datum
492 3211 565 3301 est,
593 3217 725 3288 nullam
749 3214 831 3289 sane
848 3215 1078 3310 perspicimus
1102 3214 1219 3286 morbi
1240 3216 1325 3292 hu-

249 3311 307 3403 jus
334 3311 483 3384 caussam
514 3313 625 3407 magis
657 3313 881 3405 probabilem
911 3328 973 3385 aut
996 3313 1047 3384 rei
1075 3311 1117 3383 ad
1143 3312 1324 3390 indolem

252 3410 405 3500 propius
430 3409 674 3483 accedentem.
739 3410 838 3514 Quid
867 3410 937 3483 erit
965 3410 1060 3482 enim
1085 3425 1222 3482 eventu
1259 3413 1324 3486 fa·

251 3503 377 3592 cilius,
410 3528 514 3597 quam
547 3508 800 3600 commigratio
831 3508 1019 3582 vermiculi
1055 3507 1325 3588 inhominem

250 3601 425 3674 crebriori
462 3603 618 3699 Harengi
654 3603 741 3678 esu?
773 3607 871 3698 quod
895 3621 935 3677 ut
958 3603 1144 3679 credamus
1167 3627 1214 3676 eo
1249 3605 1323 3683 fir.

249 3698 364 3782 mius,
403 3698 632 3791 sequentibus
665 3701 882 3798 potissimum
907 3705 1066 3798 quinque
1099 3703 1323 3784 rationibus

249 3795 383 3873 intueti
408 3797 544 3874 sumus:
1016 3847 1020 3854 ·

1245 3920 1320 3976 120
