2770 4752
194 169 321 250 usus
347 169 605 252 fflsroum
628 125 939 254 urrunnu.
1023 195 1093 272 ur

57 353 179 430 Cerere
196 355 362 430 laborare
379 355 553 430 colonum
580 349 815 442 crediderim,
845 349 910 426 nifi
933 371 980 426 ex
1007 353 1099 426 Peru

57 459 177 528 Suecicu
202 450 370 544 sciverit,
403 473 564 546 quanam
584 449 716 543 plantae
736 447 805 526 suis
825 449 1020 544 pecoribus
1043 471 1097 524 at·

55 550 248 644 mentisque
265 553 449 644 praebeant
466 549 695 636 alimentum,
721 547 756 625 ἃ
777 570 823 622 ex
838 547 905 638 iis,
940 568 1018 640 quae
1034 567 1098 620 co·

56 647 230 742 pioiiffirne
254 647 312 720 sua
337 647 460 722 serunt
476 661 604 741 prata,
636 643 796 740 judicet,
819 643 878 718 cui
904 645 997 738 parti
1019 665 1099 740 gre-

13 745 18 758 '
56 747 103 840 gis
134 743 313 839 pascenda
344 743 582 821 conveniant.
649 743 902 820 Memorabilis
936 739 986 816 est
1016 741 1098 818 sane

56 842 254 918 observatio
272 843 323 916 N.
344 841 395 918 D.
416 842 454 915 P.
473 841 511 916 in
532 841 664 916 itinere
688 839 865 929 Scanico,
898 839 959 914 ubi
983 861 1098 914 anno·
1171 927 1176 948 1

56 942 161 1030 tavit,
192 939 382 1016 abundasse
411 937 557 1014 insulam
590 938 767 1032 quandam
798 937 934 1032 Agrofli
964 940 1098 1010 muudi-

54 1061 160 1126 ruceu‚
187 1039 227 1114 in
254 1059 323 1131 qua
346 1037 423 1112 iere
442 1049 602 1112 enecate
627 1037 721 1112 famc
743 1035 891 1110 suerunt
913 1033 1099 1132 pascentes
1179 1050 1184 1060 '

58 1139 178 1232 Cupie,
201 1136 264 1232 qui
297 1157 388 1210 vero
419 1135 475 1210 his
503 1133 827 1224 substituebantur,
853 1133 945 1228 Equi
965 1131 1099 1228 sagiua-

54 1231 186 1312 bantur.
246 1234 305 1308 Sic
332 1233 451 1308 Vituii
475 1233 514 1308 in
537 1231 607 1306 suis
632 1231 740 1326 septis
764 1229 925 1306 esuriunt
953 1231 985 1304 dr
1009 1249 1098 1304 con·

56 1321 232 1420 tabcsctfflt
271 1333 365 1406 inter
392 1329 666 1404 frondofissinrac
711 1327 913 1414 Ulmariasr
952 1326 1010 1402 sed
1039 1323 1098 1400 ad·

55 1427 155 1502 misse
178 1429 266 1504 iiiuc
291 1427 417 1524 Capra
442 1427 525 1502 inde
552 1425 811 1524 pinguescunt,
849 1427 960 1501 immo
988 1421 1099 1520 ipsam

54 1541 262 1603 venenatam
291 1525 456 1600 Cicutam
481 1524 664 1600 luxuriose
688 1525 900 1620 epulantur:
934 1525 983 1600 ita
1006 1523 1099 1598 nihii

57 1621 121 1712 eii,
152 1626 250 1719 quod
271 1625 440 1698 omnibus
461 1622 664 1712 conducatr
691 1621 805 1712 nihil,
841 1623 938 1716 quod
963 1635 1100 1698 noceat

56 1723 235 1814 omninum
262 1743 349 1818 crgo
368 1721 456 1796 nihil
479 1719 685 1816 simplicitet
703 1741 905 1810 venenum,
927 1718 984 1793 sed
1001 1739 1100 1792 com·

54 1824 180 1910 parate.
232 1823 355 1912 Atque
381 1819 512 1892 cedant
531 1819 576 1892 src
598 1819 720 1892 omnia
740 1819 779 1894 iu
800 1817 958 1892 hominis
979 1817 1099 1907 usum,

55 1915 76 1988 ii
99 1917 420 2030 noniqmediate,
446 1933 565 1990 tamen
590 1915 766 1990 mediate:

101 2015 332 2110 Ofortunuios
357 2021 511 2104 nimium,
526 2013 642 2112 suast
665 2015 744 2088 doru
765 2017 895 2101 urrini,
928 2013 1097 2108 αετίωἶιιι.

220 2117 316 2208 Wrg.
335 2113 451 2208 Gurg.
477 2115 547 2190 i.a.
566 2137 602 2188 u.
616 2133 700 2202 459.
799 2125 804 2132 '

376 2253 736 2349 ἘΜ-Μ

324 2467 487 2553 PARS
545 2465 829 2552 ALTERA.

373 2593 541 2671 CAPUT
564 2595 785 2768 ΡΙῗΙΜϋΜ.

144 2793 216 2892 Qui
241 2781 543 2868 PECUARIAM
569 2813 667 2882 rem,
692 2791 850 2866 'aiterum
871 2789 958 2866 iilud
982 2787 1024 2865 ad
1048 2785 1101 2864 su·

56 2880 270 2965 sientanhm
298 2887 584 2964 uitamnostram
610 2887 840 2964 neceiiarium
866 2909 983 2984 penu,
1007 2888 1102 2962 bene

57 3003 94 3056 ac
115 2985 293 3062 sruiiuose
313 2991 441 3062 colore
465 2988 565 3078 vult,
592 2987 754 3082 partibus
776 2987 961 3061 Naturalis
990 2985 1103 3060 scien·

56 3079 125 3166 tie.
138 3107 213 3178 quae
228 3089 300 3162 huc
314 3087 467 3172 iaciunt,
483 3085 616 3180 pariter
628 3085 841 3162 innutritum
854 3083 922 3158 eise
937 3097 1103 3178 oportet,

55 3193 93 3250 ιιι
117 3203 187 3256 non
213 3185 328 3258 modo
362 3184 469 3259 facile
492 3205 681 3258 numerum
712 3197 841 3280 augeat
873 3182 1103 3270 animalium,

58 3295 128 3446 qrarlae
146 3282 305 3356 utilitate
330 3279 364 3356 sc
391 3281 670 3376 commendant,
700 3279 757 3356 sed
782 3281 816 3356 dt
845 3299 968 3356 arcere
990 3279 1105 3354 noxia

56 3391 78 3442 v
112 3391 179 3450 eat.

146 3477 272 3552 Pecura
292 3475 446 3572 primum
472 3477 628 3570 loquor,
659 3489 828 3571 tanquam
856 3474 1105 3554 maximeine·

55 3569 193 3648 cetiaria
216 3577 341 3671 generi
362 3577 533 3654 humano.
584 3575 726 3650 Horum
752 3572 893 3650 novisse
916 3571 1025 3648 debet
1043 3591 1106 3664 pa-

53 3667 260 3746 terfamilias
277 3690 440 3748 naturam
458 3671 771 3768 proscriptumque
792 3694 813 3748 a
836 3669 1011 3746 creatore
1032 3667 1107 3744 Oe·

54 3769 278 3860 eunomiam,
297 3771 488 3860 nimirum,
505 3771 635 3863 quibus
653 3769 852 3848 inserviunt
866 3769 1008 3859 usibus,
1031 3767 1108 3861 qui·

53 3859 112 3937 bos
131 3865 257 3946 herbir
279 3867 452 3946 libentius
470 3867 682 3966 pascuntur,
707 3889 785 3966 quae
804 3869 898 3946 mele
914 3867 977 3944 iila
1000 3866 1111 3941 habc-

1024 3977 1109 4054 rut,
