2716 4748
258 201 333 280 354
549 173 691 253 CURA
719 161 1019 258 Gnnnnlltts.

204 359 206 365 ’
256 357 480 454 superficiem
504 359 673 454 corporis
699 373 764 454 per
786 357 867 431 vasa
890 357 1013 432 bibula
1031 353 1178 448 transit,
1210 355 1321 450 lupri-

256 462 326 538 mis
347 479 367 531 a
390 457 537 551 quando
554 458 635 550 pori
656 457 772 550 aperti
795 456 896 544 sunt,
922 457 995 530 five
1019 459 1220 532 dilatentur
1245 481 1321 532 mo·

256 572 299 634 tu
333 556 503 645 fortiori,
542 557 665 629 calore
698 556 812 643 a'e'ris,
845 568 907 627 aut
936 575 1149 648 quacunque
1177 552 1322 628 demum

259 653 387 731 catulla.
440 651 526 726 Hoc
541 655 722 750 ‘coagulat
744 653 856 725 serum
877 652 985 726 instar
1007 656 1196 750 oxygaltt,
1217 653 1320 744 seque

258 752 501 846 multiplicat:
526 773 607 826 nam
633 751 773 823 acidum
798 749 832 822 dt
857 751 976 822 Alcali
1001 755 1143 846 pollent
1171 753 1210 822 vi
1236 754 1321 824 mul·

258 851 463 944 tiplicante.
534 849 657 940 Atque
694 849 782 923 hinc
819 843 987 938 coryza,
1029 849 1323 942 Rbeumatisrnus

260 943 418 1048 (slusa),
436 940 571 1021 Febres
588 947 871 1022 intermittentes
889 946 1185 1036 &Heninnaee
1201 967 1323 1021 ortum

260 1048 375 1142 vulgo
395 1045 545 1122 ducunt.

360 1143 472 1249 Quod
499 1139 650 1248 QUlES
673 1139 780 1237 fibras
813 1147 980 1216 teneriores
1015 1143 1146 1230 faciat,
1173 1143 1323 1217 manile·

260 1239 439 1320 stillimum
468 1242 631 1335 prebent
658 1241 837 1334 specimen
864 1241 1008 1314 ferninte
1027 1243 1250 1332 nobiliores,
1275 1245 1323 1314 in·

261 1339 364 1417 cluse
388 1338 459 1412 suis
490 1335 673 1426 claullris,
699 1361 777 1430 quar
800 1357 875 1411 non
900 1359 982 1411 raro
1004 1339 1087 1414 ideo
1112 1341 1323 1415 liberiorem

262 1439 356 1515 a'e'ris
372 1437 518 1521 evitant
537 1435 733 1526 accessum,
766 1455 812 1508 ne
834 1436 959 1510 sormae
986 1438 1155 1528 jailutam
1183 1441 1324 1532 patian-

260 1552 332 1614 tur.
385 1534 506 1634 Quid,
529 1533 627 1626 quod
646 1533 809 1606 videmus
828 1535 1035 1608 floridiores
1058 1536 1322 1633 &pingniores

261 1635 359 1708 inter
382 1632 482 1720 illas,
511 1645 652 1704 acetum
675 1631 792 1724 plenis
810 1632 954 1706 haurire
973 1634 1120 1721 buccis,
1135 1641 1193 1708 ut'
1210 1637 1324 1728 pallo·

260 1753 324 1822 re,
348 1729 573 1824 quem'tanti
596 1728 756 1820 faciunt,
780 1727 953 1826 fulgeant.
1005 1725 1159 1805 Constat
1182 1731 1323 1807 sortill·

260 1851 359 1905 mum
391 1827 478 1901 belli
512 1827 678 1922 Ducem,
716 1826 779 1920 qui
810 1849 884 1922 prae
914 1828 1026 1902 nimia
1050 1830 1231 1905 obefitate
1260 1831 1324 1904 sele

261 1945 512 2004 inoverenon
542 1925 680 2016 valuit,
709 1923 772 1999 usu
802 1925 987 2000 acidornm
1018 1927 1200 2003 redatlum
1229 1929 1323 2002 strille

264 2028 309 2102 ad
336 2021 502 2100 summam
532 2024 697 2098 maciem.
748 2021 844 2098 Hall.
876 2025 950 2128 Qui
972 2025 1137 2100 animalia
1163 2024 1323 2102 citiffime

262 2123 414 2222 saginari
431 2125 585 2210 volunt,
609 2122 734 2194 eadem
758 2123 803 2196 ab
827 2122 927 2196 omni
954 2139 1058 2197 motu
1085 2141 1240 2214 arcent,
1266 2127 1322 2197 lar·

263 2243 312 2320 go
328 2223 426 2298 simul
448 2221 534 2293 dato
560 2219 718 2312 pabulo,
747 2233 788 2292 ut
811 2215 919 2294 fibras
940 2223 1143 2296 teneriores
1159 2223 1320 2296 reddant.

263 2319 395 2408 Tauri,
420 2319 479 2411 qui
498 2329 617 2391 aratro
636 2337 713 2390 non
731 2315 1001 2411 submittuntur,
1019 2341 1146 2394 carnes
1167 2323 1321 2395 tenerio-

263 2437 321 2493 res
338 2417 373 2490 tc
392 2416 549 2488 laxiores
568 2415 751 2508 prebent,
778 2437 882 2508 quarn
901 2418 960 2508 qul
990 2411 1127 2509 semper
1153 2431 1321 2492 mercen·

264 2533 335 2590 tur.
365 2512 651 2608 .Quotidianum
674 2511 888 2586 nostratium
914 2516 1090 2590 ferculum
1116 2515 1211 2590 idern
1240 2519 1321 2592 indi·

264 2625 345 2698 catt
361 2581 465 2686 illu}
485 2611 655 2684 carnibus
677 2610 958 2686 teneritudinem
984 2615 1220 2688 conciliaturi
1233 2668 1244 2702 ,
1273 2638 1322 2688 et·

263 2713 488 2804 tandemque
506 2708 733 2803 putredinem
750 2710 980 2804 impedituri,
1006 2709 1084 2784 illae
1107 2731 1218 2790 aceto
1243 2735 1321 2786 con-

265 2811 343 2886 dire
361 2808 525 2883 solemus.
577 2805 652 2978 {ui
674 2805 780 2879 acido
798 2807 956 2899 scatent,
981 2809 1059 2883 sunt
1075 2810 1246 2884 laborum
1267 2812 1318 2882 im·

264 2905 501 3004 patientes&
528 2904 591 2978 citi
620 2907 691 2978 ime
714 2905 968 3000 defatigantur.
1021 2907 1069 2979 Et
1092 2907 1180 2984 hine
1204 2927 1320 3006 peten-

265 3006 312 3080 da
335 3005 453 3094 ratio,
486 3023 549 3076 cur
584 3002 847 3078 Melanchollci
884 3003 1144 3098 &Hystericae
1175 3007 1220 3079 ad
1252 3027 1321 3080 rno-

266 3115 344 3176 tum
377 3099 625 3196 capellendum
661 3100 863 3174 alllledicis
893 3102 1084 3176 difficulter
1122 3104 1320 3197 persuaderi

265 3195 409 3297 pullint.
457 3197 561 3272 Hinc
578 3199 736 3272 infantes
752 3199 980 3290 Rhacbitici,
1009 3202 1069 3294 qui
1094 3204 1239 3276 acidum
1265 3201 1321 3292 spi-

265 3313 372 3386 rant,
395 3295 430 3370 &
456 3295 609 3389 quorum
638 3295 710 3369 olla
739 3295 821 3372 sunt
848 3297 1003 3389 flexilia,
1032 3297 1181 3375 musculi
1221 3315 1320 3390 atque

266 3397 461 3493 ligamenta
479 3395 581 3484 laxa,
611 3395 751 3489 optime
770 3393 1016 3490 fridilonibus,
1039 3414 1157 3488 motu,
1178 3398 1320 3473 &anta

268 3493 359 3569 cidis
388 3495 622 3566 roborantur.

364 3591 596 3663 Vocabulum
623 3607 731 3678 tener,
764 3592 866 3682 cujus
890 3595 1095 3689 oppositum
1127 3595 1181 3670 est
1211 3611 1318 3678 resur.

269 3685 362 3763 idem
390 3687 496 3762 nobis
523 3687 622 3762 valet
643 3711 684 3762 ac
706 3689 933 3766 Nostratium
954 3689 1057 3778 nm,
1084 3695 1182 3784 quod
1210 3691 1283 3766 obs
1310 3727 1320 3744 ·

268 3801 394 3860 vatum
416 3785 592 3874 velimus,
619 3809 686 3875 ne,
705 3790 962 3865 contermino
983 3793 1202 3886 ceteroquin
1219 3813 1319 3886 vago.

268 3885 338 3961 ulie
356 3883 598 3979 coniungatur
616 3883 709 3961 idea.

545 3981 551 3986 ’
769 4005 772 4014 ·
1190 3993 1226 4083 §.
1275 3984 1318 4058 V.
