2786 4938
266 209 340 287 434
414 179 541 262 USUS
564 179 821 286 HlsToulAE
847 183 1155 267 NATURALIS.

275 515 281 524 -
365 461 550 560 Episcatu
564 463 793 559 voluptatem
808 463 997 540 lucrumve
1014 464 1076 539 ille
1095 465 1254 540 maxime
1271 465 1332 542 in·
1380 447 1382 470 ¹

267 561 416 653 veniet,
457 562 590 655 quiex
617 561 739 634 litora
761 561 979 638 Calendario
1016 562 1164 658 piscium
1188 566 1333 640 adven·

266 679 345 740 tum
373 659 418 735 ad
446 659 572 732 littora
600 657 790 748 didicerit,
832 679 1012 754 quemque
1039 681 1211 754 aquarum
1242 663 1332 736 fun·

184 783 187 792 ·
265 763 352 836 dum
370 756 495 854 finguli
523 755 677 852 eligant;
711 757 759 832 fic
790 761 912 832 Bruma
941 757 1018 832 adit
1044 759 1168 834 littora
1194 763 1334 858 grami-

266 855 369 946 nosa,
394 857 532 930 Rutilus
549 853 721 956 lapidosa,
747 858 855 930 Sulmo
877 856 969 931 ostia
985 857 1079 947 alba,
1101 859 1198 933 uude
1214 861 1333 934 etiarn

268 954 427 1032 allicitur
443 951 487 1025 ad
500 972 608 1046 rupes
622 953 839 1043 maritimas,
864 967 963 1030 creta
976 956 1187 1034 albicantes.
1242 959 1332 1032 Per·

267 1048 1119 1147 cuscopulisdelediantursaxosrs&catervatim
1133 1053 1330 1142 incedunta

269 1166 309 1230 at
321 1171 415 1226 vero
432 1145 576 1221 diverso
592 1145 663 1220 diei
681 1161 868 1242 ternpore,
887 1152 948 1225 vel
966 1149 1113 1226 diversis
1134 1152 1263 1242 horis,
1282 1153 1331 1225 al·

268 1253 367 1327 dora
379 1247 625 1340 relinquentes
643 1245 883 1340 profundiora
905 1259 1054 1341 petunt:
1080 1247 1144 1322 nisi
1159 1250 1237 1323 hec
1262 1251 1332 1324 ob·

269 1350 479 1435 serventur,
510 1341 637 1416 frustra
658 1345 881 1438 pendebunt·
901 1346 1009 1423 hami.
1068 1346 1144 1420 Ubi
1168 1349 1242 1420 vise
1265 1369 1331 1422 ex-

271 1457 422 1523 currunt
437 1461 501 1535 per
517 1440 650 1536 glacies
663 1442 859 1538 hyemales,
879 1442 1123 1520 stercorantur
1137 1445 1181 1518 ab
1194 1444 1329 1540 Equis,

268 1545 307 1619 u
330 1540 434 1618 limus
465 1535 527 1610 sub
554 1539 779 1633 regelationc
800 1541 939 1615 vernali
965 1539 1149 1616 descendit
1168 1543 1214 1616 ad
1243 1544 1331 1617 fun·

270 1641 359 1718 dum
380 1637 494 1723 lacus,
511 1635 562 1707 ibi
587 1633 707 1709 estate
732 1636 846 1732 pisces
878 1651 1143 1736 congregantur
1172 1639 1208 1713 dt
1228 1639 1331 1715 fodi·

269 1753 341 1814 unt
366 1731 516 1810 fundum
541 1731 727 1822 limosum
766 1734 853 1810 binc
876 1756 1009 1833 guarus
1040 1737 1112 1812 vie
1137 1737 1331 1834 evanida,

270 1833 387 1934 pisces
407 1829 551 1906 felicius
575 1830 982 2006 copiosiusquiaxpapiet.

284 2083 289 2094 -
367 2028 588 2126 Anguillarfi
611 2026 692 2124 quis
716 2025 905 2122 sequatur,
932 2042 1039 2110 notas
1060 2030 1195 2106 habere
1216 2029 1334 2106 debet

272 2153 397 2210 earum
422 2128 501 2201 vias
525 2124 587 2200 sub
611 2127 723 2217 limo,
756 2146 877 2202 earum
903 2128 1154 2226 migrationem
1183 2128 1248 2204 sub
1273 2141 1332 2204 te·

271 2229 416 2313 nebris,
443 2223 680 2316 &quomodo
702 2222 823 2302 vitent
838 2226 941 2300 albos
963 2227 1128 2317 colorem
1152 2226 1251 2301 &src
1268 2227 1332 2300 de·

271 2324 390 2407 saderii
409 2322 443 2394 se
468 2320 576 2394 facile
600 2319 809 2413 experietur
833 2337 1055 2418 compotem.
1114 2326 1330 2420 Amnudytes

272 2424 336 2519 qui
371 2417 486 2508 velit,
518 2436 596 2492 nou
623 2417 792 2514 ignorare
821 2418 944 2512 debet,
960 2443 1086 2496 eorum
1107 2425 1229 2498 locum
1257 2419 1330 2496 esse

272 2538 419 2596 menam
443 2516 581 2606 albam,
608 2514 852 2609 &quomodo
876 2519 1055 2594 terrefacti
1072 2517 1107 2594 sc
1133 2523 1171 2596 in
1197 2539 1327 2616 gyrum

272 2615 503 2696 contrahant.
560 2616 667 2689 curn
688 2613 803 2689 Gabios
820 2617 882 2710 qui
907 2618 1048 2711 capiet,
1082 2618 1191 2694 debet
1214 2618 1328 2708 scire,

274 2712 462 2813 quomodo
486 2708 594 2788 nidos
616 2710 777 2787 forment
796 2713 830 2788 u
851 2715 936 2789 ovis
961 2715 1146 2790 incubent
1198 2717 1327 2790 Labros

299 2810 464 2892 uomodo
487 2809 662 2906 colligant
685 2811 724 2884 iu
746 2809 875 2901 Creta,
905 2812 1041 2905 adjecta
1065 2815 1198 2904 herba,
1229 2813 1329 2888 forte

272 2838 473 2995 {haseolm
509 2906 638 2981 docuit
664 2905 863 2984 Bellonius.
929 2912 1054 2985 Lucios
1080 2913 1122 2985 ad
1148 2913 1329 2986 flammatu

273 3005 460 3104 persistere
484 3015 664 3098 tamquam
693 3005 947 3100 mirabundus,
976 3023 1126 3103 tumque
1154 3009 1327 3096 facillime

273 3101 469 3197 tricuspide
492 3101 616 3194 feriri,
638 3101 854 3179 notissimum
870 3104 940 3180 est:
965 3105 1100 3200 pariter
1118 3119 1226 3202 atque
1249 3109 1328 3181 car·
1380 3129 1381 3150 ¹

268 3211 381 3302 pinus
403 3201 496 3278 retia
513 3199 673 3296 cludere,
691 3199 725 3304 dr
740 3201 880 3279 idcirco
897 3203 936 3279 in
953 3204 1094 3280 turbida
1117 3225 1210 3300 aqua
1229 3201 1328 3278 deci·

273 3297 430 3397 piendos
450 3297 531 3374 elle.

374 3494 525 3592 Piscinas
537 3493 600 3590 qui
615 3493 708 3569 velit
718 3495 949 3590 construere,
973 3497 1162 3596 cognitum
1175 3494 1328 3586 habeat,

274 3589 390 3688 pisces
410 3613 486 3666 nou
510 3591 668 3667 crescere
690 3593 729 3669 in
755 3615 846 3690 aqua
874 3595 1047 3683 fontana,
1081 3597 1139 3670 sed
1161 3591 1329 3668 fertiliiir·

274 3708 334 3763 me
359 3687 397 3766 in
420 3689 555 3784 piscina
579 3711 656 3764 non
679 3690 786 3767 solla:
817 3695 964 3768 cavebit
990 3716 1012 3768 a
1035 3693 1154 3769 Luciir
1178 3689 1329 3786 piscium

276 3785 489 3884 tigridibus,
520 3807 613 3880 quos
633 3785 859 3865 disseminant
882 3793 1028 3880 Anates,
1064 3792 1222 3885 ideoque
1247 3807 1331 3882 pur·

165 3985 167 3990 ι
274 3885 417 3987 gabitur
431 3885 563 3978 quovis
579 3885 841 3983 quinquennio.
873 3889 935 3966 Ne
948 3891 1052 3986 plura
1067 3890 1111 3984 dc
1127 3887 1327 4058 ὴίεᾱίοὸἓι.
