2688 4752
267 161 544 262 susurrans
574 129 821 258 cuononi.
1007 181 1084 260 201·⁴

35 349 286 453 compofitum',
309 377 358 430 eo
376 357 493 431 etiam
510 357 662 432 celerius
685 358 873 452 frangitur.
923 357 972 432 Et
987 359 1079 434 insu·

33 481 111 552 per,
136 475 211 548 quo
231 455 348 548 major
364 455 502 531 homini
530 455 603 530 cibi
632 470 813 550 potusque
838 455 992 550 eligendi
1017 480 1079 530 co·

32 557 83 649 pia
109 551 243 641 fuerit,
269 552 342 626 hoc
365 551 474 626 eitius
497 555 559 626 ille
577 573 619 630 ae
633 553 776 626 facilius
795 555 951 642 nubem,
981 555 1080 648 quod

32 656 147 743 ajunt,
174 671 242 744 pro
258 649 427 746 Junone,
451 651 620 725 nocitura
636 671 705 744 pro
722 649 974 742 saluberrimis,
993 657 1079 726 arri·

31 771 109 844 pere
128 747 255 840 utique
276 746 407 838 potest.
444 749 597 838 Plinius,
613 752 730 823 Seneca
738 769 753 836 ‚‘
767 749 901 842 aliique
919 767 1079 842 veteres,

32 847 121 938 quod
145 845 260 918 bomo
276 844 598 938 frequentioribus,
610 867 715 940 quam
731 846 852 937 bruta,
874 849 1011 922 morbis
1029 849 1081 922 la·

30 944 151 1032 borat,
179 941 218 1016 in
239 941 417 1016 diversum
438 943 472 1016 u
491 944 595 1018 varie
616 943 852 1018 commixtum
874 945 946 1017 cibi
966 967 1079 1040 genus

30 1061 171 1115 ornnem
191 1039 415 1119 transierunt
430 1041 594 1134 culpam,
614 1039 791 1115 dicendo:
816 1047 932 1115 multos
956 1049 1080 1118 morbos

29 1145 124 1212 nauta
135 1135 270 1231 ferculo
282 1135 453 1228 secusne,
481 1143 515 1212 dr
540 1141 729 1213 mentione
752 1139 893 1212 demum
915 1139 1005 1212 secia
1026 1141 1080 1216 in·

29 1235 134 1310 finito
160 1249 393 1330 apparatuum
412 1237 485 1310 cibi
500 1239 784 1329 morborumque
802 1237 1011 1324 varietatis,
1029 1263 1087 1312 co·

29 1357 110 1429 pras,
129 1333 315 1425 inquiunt,
332 1353 485 1410 nunna:
527 1333 627 1408 Hine
639 1346 783 1408 veteres
798 1332 946 1426 pariter,
967 1356 1010 1408 ac
1025 1355 1081 1408 re·

29 1433 210 1506 certiores
228 1429 423 1526 Annalium
442 1430 661 1524 Scriptores,
680 1429 842 1527 gentium
863 1432 923 1504 vel
941 1429 1082 1508 sortisti·

28 1549 161 1604 marum
186 1526 326 1601 ruinam
352 1549 396 1602 ac
417 1529 604 1604 interitum
628 1549 649 1600 e
667 1530 779 1618 luxu,
801 1529 924 1602 omnia
944 1529 1082 1604 effemi-

29 1641 155 1714 nante,
189 1638 359 1722 tanquam
384 1645 404 1698 e
429 1625 494 1701 suo
523 1626 691 1702 derivant
712 1625 787 1722 iugi
804 1641 918 1721 puteo
943 1649 985 1700 ac
1011 1627 1083 1702 sca·

30 1723 198 1818 urigine.
247 1717 407 1800 Dubiam
424 1736 523 1796 certe
541 1725 692 1817 palmam
724 1724 926 1820 lbemislocli
945 1723 1083 1800 fecisset

30 1821 190 1912 inclytus
211 1818 391 1894 Persarum
423 1823 570 1908 Xerxes,
594 1821 631 1896 ni
661 1821 788 1916 copies
813 1821 850 1895 in
879 1822 992 1896 aciem
1018 1823 1083 1898 du·

30 1917 150 2006 risset,
187 1917 242 1992 oti
275 1937 428 1992 numero
455 1915 637 2008 infinitas,
675 1919 726 1991 ita
755 1919 936 1993 emollitae
961 1921 1082 2014 plane,

31 2017 202 2109 omnique
215 2013 418 2108 deperditas
432 2017 533 2090 luxu.
575 2016 772 2090 Hannibalis
790 2037 937 2108 quoque
950 2017 1084 2092 milltes
1137 2059 1140 2070 ·

28 2115 140 2188 multo
163 2111 199 2186 se
220 2111 352 2186 lortius
372 2111 502 2210 gellilie
521 2111 715 2200 credimus,
731 2113 771 2186 ni
792 2110 975 2206 Campana
994 2135 1084 2188 mar·

31 2211 180 2284 coissent
196 2209 350 2298 luxuria,
365 2210 471 2299 vino,
489 2208 632 2299 scortis,
646 2209 777 2303 epulis,
789 2231 856 2305 per
869 2223 983 2286 totam
997 2212 1084 2304 bye-

30 2329 118 2384 mem
138 2305 312 2383 consedi.
347 2305 396 2380 Et
405 2305 575 2400 denique,
586 2308 649 2382 nist
663 2309 829 2397 Rnnasrir,
846 2305 907 2382 sub
924 2311 1085 2404 auspicio

30 2403 318 2504 dubioqueJulii
332 2407 482 2502 cesaris,
499 2405 587 2478 olim
605 2401 815 2496 fortillimis,
833 2407 921 2480 luxu
940 2406 1084 2482 tandem
1116 2409 1119 2414 ’
1274 2405 1276 2412 ’

31 2502 162 2598 dilapsa
177 2501 321 2576 fuissent
336 2504 471 2576 robora
489 2496 687 2597 corporum
703 2503 1001 2598 animorumque,
1021 2505 1084 2580 Go-
1141 2499 1147 2524 '

31 2607 88 2674 ibis
106 2601 233 2690 sorte,
241 2621 317 2770 fper
335 2603 411 2674 vim
429 2621 714 2694 quamcumque,
736 2599 831 2674 haud
854 2601 962 2676 faclle
985 2601 1085 2696 supe·

29 2699 162 2772 rabiles
184 2696 237 2770 foi
266 2713 349 2786 ent,
373 2697 480 2774 armis
496 2711 602 2771 antea
619 2696 695 2771 sere
713 2697 852 2772 invidi.
905 2699 1086 2794 Quemad-

31 2795 178 2868 modum
206 2794 317 2891 igitur
343 2795 463 2870 omnis
488 2793 559 2868 evi
591 2793 831 2869 Historiarum
858 2793 1084 2890 Scriptores,

32 2889 206 2986 quidquid
221 2894 383 2988 gentium
404 2889 554 2967 nattum
576 2891 619 2966 lit
635 2891 958 2986 debilitatumque,
985 2893 1086 2968 luxui

32 2990 64 3062 id
90 2987 365 3064 adscribendum
390 3003 539 3084 putant3
576 2989 627 3063 ita
653 2988 687 3062 dt
715 2987 878 3080 Medici,
904 3005 1088 3086 quotquot

29 3107 147 3180 prope
189 3085 346 3178 fuerint,
384 3085 652 3164 multitudinem
681 3087 915 3179 morborum,
957 3089 1087 3183 quibua

31 3184 166 3274 iamdiu
196 3183 372 3280 ingemuit
400 3186 595 3268 humanum
625 3203 761 3282 genus,
791 3185 991 3265 innumeris
1010 3187 1087 3280 ejus

30 3280 179 3358 terrulis
202 3303 245 3357 ac
270 3279 599 3387 cibarilstribuille
620 3281 806 3356 videntur.

127 3571 335 3666 Antequam
362 3593 455 3648 vero
484 3480 629 3670 lisngius
658 3571 930 3670 progredimur,
964 3571 1087 3651 luxum

30 3670 71 3744 ab
98 3671 178 3768 ipsa
207 3671 372 3746 ciborum
403 3670 580 3744 varietate
602 3672 740 3764 probe,
758 3669 826 3760 ¹uti
846 3665 988 3761 fas'est,
1017 3671 1087 3750 dit·
1149 3754 1151 3758 ,

30 3789 204 3858 cernere,
224 3771 284 3841 vel
304 3769 424 3842 saltem
446 3767 530 3862 quid
554 3789 619 3862 per
645 3770 792 3857 luxum,
822 3767 1088 3846 funestiffimum

28 3866 117 3942 sslod
155 3865 380 3964 Reipublicae
418 3865 594 4040 univeprqfis
636 3867 807 3966 gentibus
842 3870 1001 3960 malum,
1034 3868 1087 4040 ir}-

515 3985 521 4052 t
589 3984 613 4056 5
1019 3976 1086 4039 ⁸0·
