2716 4748
308 159 533 260 muudus
561 143 858 258 tumuutra.
1042 197 1114 274 405

488 367 522 452 ς.
571 357 712 432 vni·

157 456 380 532 Credehatur
411 458 611 550 antiquitus
644 459 814 531 Generum
847 464 1028 551 equivoco,
1066 457 1118 530 ita

63 557 225 652 quidem,
249 569 291 628 ut
306 556 455 628 minima
477 554 608 630 inserta
626 557 660 628 dt
679 556 852 628 larvae'ex
876 553 1117 647 corruptione

60 657 97 732 ἀ
131 654 323 750 putredine
353 655 516 746 generari
551 667 796 747 putarentur„
851 653 993 750 Pereipi
1019 653 1118 726 enim

63 755 151 830 haud
176 749 289 826 focile
309 751 454 844 potuit,
481 751 668 843 quomodo
689 749 828 824 caseum
852 745 913 822 v'el
940 749 1118 824 cadavera

63 849 246 924 vermiculi
265 849 566 941 intremuerunt,
586 863 628 922 ut
641 847 831 924 difficulter
844 841 1023 922 Harvaeut
1035 869 1117 944 per·

55 946 318 1042 ¹spicacioribua
336 945 545 1038 persuadere
565 959 731 1039 poterat,
756 965 870 1018 omne
894 945 1022 1047 vivum
1047 943 1117 1018 ess'e

62 1067 106 1120 ex
122 1067 221 1135 ovo,
254 1065 321 1116 nec
341 1045 451 1138 vulgo
473 1045 549 1117 haec
570 1063 627 1118 res
647 1045 842 1118 etiamnum
868 1041 950 1118 iatit
976 1042 1118 1136 persua·

57 1145 171 1218 detur.
232 1141 305 1215 Ubi
332 1141 486 1234 primum
518 1141 707 1218 observata
733 1139 784 1214 est
815 1135 1028 1215 insectorum
1053 1156 1118 1214 mr·

62 1239 259 1338 amarphosts
286 1239 513 1330 admiranda,
552 1259 621 1334 qua
650 1237 770 1312 Larva
798 1237 963 1328 cresunt,
994 1239 1118 1312 multia

61 1340 232 1433 pedibus,
259 1359 411 1430 repens,
447 1359 583 1425 vorax,
621 1337 660 1412 in
686 1335 913 1430 Papilionem
940 1337 1118 1424 alacrem,

61 1439 290 1523 volitantem,
310 1433 482 1527 sobrium,
500 1437 615 1530 priori
638 1435 730 1508 adeo
747 1433 957 1521 dium-uem,
976 1447 1017 1506 ut
1040 1433 1119 1508 diet

59 1533 176 1620 modii,
208 1547 474 1620 commutatur,
507 1534 699 1607 videbatur
720 1533 796 1606 hec
815 1531 908 1625 ipsu
935 1530 1118 1628 figmentis

54 1631 253 1705 'ovidianis
283 1630 395 1724 magis
427 1630 645 1706 admiranda.
709 1627 866 1726 Cognita
899 1649 993 1703 vero
1027 1627 1119 1704 inse·

55 1729 193 1804 dorum
214 1727 507 1822 metamorphosr,
520 1729 780 1802 observabatur
788 1725 1119 1824 modificationem&

60 1827 183 1902 florem
201 1829 403 1922 plantarum
419 1825 510 1909 nihii
528 1825 597 1900 effe
615 1827 677 1900 nifi
696 1845 830 1900 meram
847 1825 1118 1920 metamorpho-

52 1923 124 1998 dn:
152 1925 244 1998 foiia
270 1923 401 1996 Cardui
433 1925 468 1997 in
494 1925 621 2000 florem
649 1923 888 2018 Echinopsrs,
926 1922 1118 1996 Gundeiiae

59 2021 262 2096 iMorinae
289 2021 533 2095 admirabilem
561 2022 799 2106 commotam
832 2019 922 2094 folia
945 2019 1119 2114 ssmpiicit

58 2119 94 2192 in
117 2119 395 2212 pulcherrimam
412 2119 695 2212 Antonium,
722 2116 950 2206 Gloriosam‚
973 2115 1118 2190 Leonu-

56 2237 154 2305 tum;
182 2233 228 2293 ut
244 2217 458 2290 viderentur
479 2217 550 2310 ipsa
571 2229 709 2291 natura
732 2215 839 2309 adyta
859 2213 1040 2310 penetrari
1057 2213 1117 2288 de-
1193 2250 1198 2263 ·

55 2317 214 2409 tegendo
237 2313 394 2411 proiepstn
418 2313 711 2390 transformatam
733 2335 799 2408 per
824 2313 1119 2408 ptaenumeratio·

54 2433 148 2486 nem.
201 2411 295 2488 Cum
313 2412 466 2506 primum
482 2411 767 2487 observabantur
786 2411 1010 2510 Gorgoniae‚
1038 2409 1119 2485 Ser·

54 2511 192 2584 tulariae
217 2509 252 2584 ἅ
277 2511 347 2584 alia
365 2507 562 2606 Zuophyta
589 2531 671 2584 cum
699 2509 792 2601 Poly
819 2511 873 2598 ia,
911 2508 1002 2584 nihil
1027 2509 1118 2581 certi

54 2605 157 2680 statui
169 2609 309 2702 potuit,
320 2609 438 2681 donec
453 2610 790 2682 adnimadverteren
810 2601 926 2698 ‚hem
936 2619 1120 2700 tamquam

54 2707 297 2804 vegetabilia‚
324 2727 390 2800 per
407 2705 711 2800 metamorphosrn
739 2704 839 2778 abire
865 2701 1119 2790 inanimalia,

55 2803 357 2895 quemadmodum
391 2804 533 2896 plantas
556 2803 593 2876 iu
624 2801 746 2876 florea.
805 2801 929 2906 Atque
952 2799 1120 2872 ultimum

51 2899 123 2973 hot
149 2903 347 2976 inventum
370 2899 647 2975 admirationem
679 2897 902 2972 curiosorum
928 2897 993 2972 vix
1017 2895 1120 2971 satia·

50 2997 129 3088 uit,
155 3011 351 3091 antequam
380 2999 471 3074 aliua
492 2999 552 3073 hic
568 3013 707 3074 natura
730 2997 827 3078 aiios
852 2996 1011 3088 iuditur3
1040 2993 1120 3068 ubi·

49 3093 194 3170 inversa
224 3097 368 3170 ratione
391 3099 577 3170 animalium
599 3094 850 3190 metonorpdofir
869 3102 904 3168 iu
927 3093 1122 3189 vegetando

40 3189 99 3288 fit.
151 3195 189 3266 Si
217 3195 295 3266 hat
325 3194 455 3290 igitur,
484 3209 524 3266 ut
553 3191 670 3266 credit
700 3190 946 3268 iilustriffimus
973 3185 1121 3282 atuor,

48 3291 93 3362 ad
116 3291 350 3386 putredinem
375 3291 409 3365 dt
433 3291 714 3366 sermentionem
737 3309 851 3384 usque
876 3289 1038 3378 ducunt,
1069 3285 1121 3360 ia·

48 3391 202 3464 tendum
221 3387 294 3478 est,
322 3411 381 3463 ret
398 3389 536 3462 interea
553 3388 746 3482 stupendas
769 3407 969 3462 occurrere
988 3385 1026 3460 iu
1054 3384 1122 3458 mi·
1239 3387 1245 3400 '

44 3486 157 3561 nimis
182 3487 518 3576 moiecuiisuivis„
568 3489 761 3560 Annorum
789 3500 909 3559 autern
936 3502 1012 3558 uon
1033 3495 1120 3578 pau·

45 3603 175 3659 corum
203 3585 310 3658 labor
327 3585 410 3672 erit,
437 3581 633 3679 fungorum
658 3583 821 3656 omnium
853 3581 988 3656 semina
1016 3581 1120 3673 viva,

45 3702 257 3774 eorumque
274 3679 423 3758 modum
447 3681 802 3768 transformationis,
831 3703 899 3754 nec
920 3699 995 3754 non
1014 3695 1122 3774 gene-

42 3779 207 3854 rationis
232 3779 265 3852 &
288 3779 533 3875 vegetationis
548 3782 659 3873 leges,
674 3777 904 3876 investigata.
957 3777 1047 3850 Cum
1067 3775 1122 3844 iri·

35 3873 190 3972 ¹demus,
222 3875 673 4048 vermicuiotFungotum
702 3875 888 3952 seminales
926 3875 1018 3950 adeo
1041 3869 1122 4045 seige

579 3995 600 4048 c
623 3995 644 4068 3
1058 3993 1080 4046 u
