2716 4748
346 169 486 254 CURA
510 173 814 256 GENERALIS.
1022 201 1102 278 ·349

31 351 293 451 antiquiffimis
308 357 536 452 temporibus
552 357 596 433 ad
615 358 771 432 Diutam
799 357 920 432 relatu
947 357 1014 431 smt
1041 355 1103 432 sex

30 455 146 530 diste
164 477 222 528 res
238 475 315 528 non
331 457 526 545 naturales,
549 457 624 530 Ai'r
641 457 832 544 nimirum,
855 457 1002 551 lngeslo,
1023 455 1101 528 Mr-

30 571 92 627 tus
115 553 151 626 ἁ
172 551 296 655 Quies,
326 553 456 646 Vigtltae
478 573 520 625 at
541 557 696 642 Somnus,
726 553 872 628 Excretu
894 554 1101 640 Materte,

30 653 222 746 Animique
241 651 468 752 pathematar
485 651 571 725 hinc
589 655 696 727 etiam
715 652 778 726 has
793 652 1100 745 pertratlabimus.

30 749 134 838 Ast,
161 749 332 842 quoniam
351 769 486 842 corpur
501 749 694 824 humanum
713 753 948 843 componitur
964 771 1010 822 ex
1025 746 1103 822 sub·

29 845 176 922 stantia
199 844 364 920 corticali
391 846 425 918 u
449 847 658 933 medullari,
686 861 809 943 patet,
834 849 957 922 Animi
978 847 1102 940 pathe·

30 959 138 1020 mata
158 965 178 1017 a
195 942 322 1028 nostro
340 941 505 1018 instituto
529 943 599 1018 elle
621 946 760 1038 aliena,
791 947 873 1020 dum
904 943 1102 1038 enpossturi
1213 953 1228 978 ⁶

29 1043 166 1118 sumus
187 1039 406 1116 consellaria
432 1042 620 1132 morbosa,
657 1065 735 1138 quae
761 1043 918 1118 Diaetam
947 1042 984 1116 in
1021 1063 1101 1115 cor·

29 1161 135 1238 pore
153 1141 312 1214 humano
337 1160 404 1232 pro
423 1138 537 1214 cautla
556 1139 766 1238 agnoscunt.
920 1196 923 1202 .

144 1235 280 1312 Omnia
306 1236 441 1310 habent
465 1235 524 1312 sua
550 1254 732 1332 extrema,
765 1237 921 1313 medium
949 1249 1100 1310 tenuere

30 1335 155 1413 beati.
208 1331 328 1408 Omne
349 1355 440 1407 vero
458 1349 658 1410 extremum
676 1335 727 1412 est
743 1336 1002 1430 periculosum,
1027 1357 1101 1408 me·

32 1437 143 1510 elium
168 1431 290 1524 itaque
316 1429 534 1528 investigare
563 1455 735 1528 petuam
764 1433 994 1509 necellarium
1026 1432 1100 1522 est,

31 1532 101 1608 sed
131 1531 168 1604 ἁ
192 1529 292 1604 fimul
318 1527 579 1608 difficillimum.
630 1457 750 1604 (tk'ulla
773 1533 903 1606 dantur
935 1552 1100 1620 venena,

33 1631 108 1706 nili
136 1629 176 1702 ln
199 1625 361 1702 excelsu:
390 1625 622 1721 Arsenicum,
651 1631 763 1704 immo
786 1631 941 1704 maxime
965 1630 1100 1702 delete·

33 1731 120 1804 rius
146 1724 352 1800 Mercurius
379 1723 586 1800 sublimatus
613 1729 840 1818 corrosrvus,
873 1727 963 1822 julla
987 1726 1009 1801 fi
1034 1727 1102 1800 ob·

34 1827 207 1901 servetm
221 1822 334 1912 dosro,
352 1821 426 1896 line
440 1823 603 1918 periculo
623 1828 884 1920 propinantur;
901 1839 1030 1900 contra
1046 1824 1101 1898 in·

35 1919 294 2000 nocentillima
325 1918 360 1994 u
392 1921 553 2014 optima,
590 1924 714 2016 prouti
742 1923 867 2017 panis,
898 1925 934 1996 in
958 1919 1101 1994 excelsu

37 2020 228 2109 adhibita,
251 2016 407 2092 evadere
423 2017 567 2111 possunt
583 2017 734 2096 funesta.
784 2021 858 2126 Qui
879 2020 987 2116 igitur
1002 2017 1101 2090 Diae·

35 2135 90 2192 tae
109 2117 186 2192 vim
212 2116 250 2192 in
272 2137 407 2212 corpus
422 2114 583 2190 nostrum
602 2117 805 2214 intelligere
828 2120 957 2213 cupit,
981 2111 1102 2191 neces·

36 2217 76 2292 se
108 2213 184 2305 est,
217 2227 258 2288 ut
285 2212 436 2288 eaodem
463 2211 500 2287 in
527 2215 596 2290 suis
622 2217 891 2310 contempletur
915 2212 1100 2290 extremis.

38 2313 143 2390 Nam
163 2314 326 2388 modona
348 2327 463 2409 corpus
491 2313 634 2408 nostrum
652 2313 857 2410 sustentant,
877 2317 938 2416 sul
963 2329 1106 2388 retrone

37 2417 77 2488 rlr
110 2427 223 2486 ruunt.

68 2415 108 2508 fl
141 2505 344 2582 substantia
378 2504 573 2581 Corticalis
606 2507 872 2582 conllatfluidis
902 2503 1104 2596 &solidis,

38 2609 131 2684 hinc
148 2607 292 2695 omnia,
313 2627 391 2696 quae
411 2608 560 2699 corpori
578 2605 703 2678 nostro
727 2605 974 2698 adplicantur,
995 2619 1106 2698 agunt

40 2709 81 2782 ln
112 2703 223 2780 fluida
251 2702 285 2776 ἀ
311 2701 424 2775 solida
449 2702 634 2798 (exceptis
663 2702 898 2791 volatilibus,
931 2721 1008 2792 quae
1034 2720 1105 2790 qua

38 2804 156 2894 talia,
184 2801 222 2876 in
239 2797 466 2875 substantiam
486 2801 718 2876 medullarem
738 2800 853 2874 solum
869 2789 1103 2892 operantur).

40 2903 135 2978 Huc
159 2901 315 2973 alterant
339 2896 472 2987 fluida,
499 2903 643 2972 lomnes
671 2897 823 2992 dmfiores
854 2898 913 2970 vel
946 2901 1104 2968 tenuiores

39 2997 254 3087 reddendo,
284 2995 446 3090 respetiu
464 3017 556 3068 vero
576 2997 620 3068 ad
633 2997 743 3092 solida
758 2991 1026 3087 habito,fibros
1045 2999 1104 3065 rni-
1141 3045 1144 3052 ,

39 3106 170 3184 rrimus,
197 3115 243 3168 ex
266 3093 397 3186 quibus
416 3093 529 3168 solida
546 3095 745 3188 composita
769 3092 1042 3180 construuntur,
1058 3095 1105 3163 la·

42 3204 152 3271 tiores
169 3193 414 3286 autstritliores
425 3189 599 3282 efficiunt,
615 3191 780 3284 quorsum
794 3190 1011 3285 principium
1024 3188 1106 3260 Me·

41 3291 278 3368 thodicorum
298 3287 589 3380 fundamentale,
611 3290 731 3362 laxum
754 3287 977 3375 &stallium
993 3283 1103 3362 redit.
1173 3327 1185 3339 ‚

41 3391 82 3465 N
84 3411 136 3465 on
151 3391 223 3482 J'am
240 3399 350 3460 vacat
362 3405 564 3480 exponere,
575 3399 694 3460 utrum
713 3381 983 3481 partessolide,
995 3382 1105 3455 intui·

42 3505 83 3562 tu
99 3487 253 3582 ipsarum
270 3481 523 3572 consistendo,
532 3481 725 3559 restituant
741 3485 775 3558 or
794 3479 1105 3577 adaptenthumo·

40 3608 125 3676 res,
148 3583 192 3658 ad
211 3583 374 3656 debitum
396 3581 566 3677 corporis
584 3581 868 3668 nutrimentum3
895 3581 1019 3652 volan
1042 3577 1105 3650 hu·

41 3703 187 3769 mores,
215 3681 275 3774 qui
296 3691 522 3752 concurrunt
535 3677 580 3754 ad
598 3678 869 3755 constituendas
883 3689 1002 3772 partes
1023 3671 1105 3748 soli·

42 3783 120 3872 das,
135 3779 200 3854 has
216 3779 298 3873 plus
313 3776 434 3851 minus
448 3777 547 3851 laxae
566 3791 630 3851 aut
642 3775 777 3852 striatas
791 3775 941 3853 faciant.
992 3769 1107 3846 Adest
1247 3771 1256 3788 ⁶

40 3879 140 3958 onim
163 3877 226 3954 hie
252 3889 324 3952 tam
351 3872 488 3982 arilum
512 3873 649 3968 sedus,
674 3873 950 3968 amiclllimaque
969 3889 1107 3979 conne-

797 3985 827 4027 κ
1022 3985 1103 4058 xro,
