2700 4746
169 151 549 232 FUNDAMENTA
576 151 1008 246 ENTOMOLOGIAE'J
1043 185 1114 260 155

98 333 281 414 nerem
396 335 547 431 Grylios
564 343 718 414 miro.
813 421 818 434 ,

98 435 246 528 Locusta
392 436 543 530 Gryllue
569 437 762 535 Tettigorrie.

109 531 327 628 Terrigorrr'o·
392 533 539 608 cienda.

104 631 227 703 Corixo
392 631 432 706 N
435 631 621 710 otonestt.

99 729 306 804 Nencoreris
392 729 514 824 Nepa.
736 739 737 742 ’

100 827 207 904 Perta
394 827 642 904 Hemerobiue
658 825 886 928 rmde'brsete.

100 923 338 998 Libelluioidee
394 925 631 1018 Myrmeleon
647 933 794 1004 memes
809 933 974 1026 cepioni.

104 1024 230 1098 Crabra
393 1021 611 1100 Tenthredo
631 1029 946 1109 emmechonis.

101 1120 325 1217 Preropms
394 1121 560 1198 Phnlaent
576 1124 729 1198 Alecto.

99 1219 198 1294 Bne
392 1217 820 1322 Tipnlntiorarespirrose.

102 1318 321 1392 Srrrrroxoidee
393 1316 515 1395 Asrlue
538 1323 638 1398 itero
651 1321 780 1420 inflate.

103 1416 304 1508 Stratiorrryr
394 1415 535 1494 Moser.

102 1513 295 1586 Nemoteitrr
396 1513 537 1591 Musca.

107 1613 274 1684 Volucella
394 1609 535 1694 Musca.

60 1749 65 1762 -
154 1707 267 1814 Quod
292 1705 336 1782 nd
362 1709 439 1786 hee
488 1733 599 1790 erere
626 1714 781 1808 ettinet,
807 1711 854 1791 iie
875 1708 966 1792 rnihi
986 1729 1119 1810 nregne

59 1833 102 1886 ex
131 1821 235 1900 parte
265 1805 391 1882 firnilie
415 1731 609 1922 vifentnn
640 1833 719 1906 qure
736 1811 907 1896 Botnniei
925 1809 1119 1888 Rivinieni

60 1905 361 1996 introducebant,
392 1907 454 1980 ubr
477 1908 522 1983 td
541 1922 704 1986 naturam
728 1911 849 1987 minue
870 1909 1117 2002 attendentes,

61 2008 107 2080 ob
130 2015 241 2078 notre
263 2003 477 2080 leviusculas
529 2027 637 2080 enerr
659 2006 901 2084 diffolvebent
916 2004 1118 2099 neturniin,

59 2103 153 2180 unde
173 2101 285 2176 etiam
300 2099 434 2176 dudunt
454 2124 476 2176 e
496 2025 646 2180 fenenne
661 2105 743 2180 sunt
756 2105 1008 2180 exterminent.
1025 2101 1120 2178 Non

60 2205 153 2276 enim
184 2200 269 2276 heic
292 2197 525 2296 fingendum,
556 2199 617 2276 sed
641 2201 898 2298 inquirendum
932 2199 1019 2296 quid
1055 2219 1119 2275 ne·

58 2315 137 2374 tura
161 2297 279 2389 ferat,
311 2297 399 2393 quid
436 2299 531 2375 ferre
560 2299 720 2392 recuset,
755 2301 976 2397 opinionum
1006 2297 1120 2376 etiem

59 2411 265 2473 commenta
288 2393 387 2470 delet
411 2395 502 2472 diee.
551 2393 713 2474 scientia
737 2399 847 2497 igitur
868 2399 1040 2476 edcnrtte
1063 2392 1120 2472 in·

59 2491 323 2591 trospiciendn,
344 2493 525 2590 &genera
541 2511 588 2570 ex
600 2494 671 2572 soie
685 2497 819 2591 lervie,
835 2491 1120 2591 meomorpnon

60 2592 92 2668 n
114 2593 196 2669 eliis
217 2591 414 2666 momentis
432 2591 513 2668 sont
532 2591 809 2690 cognoscendo,
836 2609 1030 2690 enteqoem
1049 2613 1119 2668 no·

58 2711 104 2765 rt
121 2689 347 2766 constituere
363 2687 518 2780 nudent,
541 2691 641 2787 quod
655 2691 807 2766 motoris
821 2691 904 2768 sene
927 2691 1019 2766 virie
1047 2696 1120 2766 erit

60 2786 275 2864 concessum.
334 2787 563 2890 Quotidiano
596 2789 647 2878 in¹
665 2787 856 2880 Botenicie
890 2787 1121 2884 experientia

59 2887 189 2977 docet,
213 2886 335 2960 nullos
352 2885 397 2962 ed
413 2906 515 2962 nove
554 2905 663 2962 enere
676 2885 931 2964 constituendo
946 2883 1017 2962 effe
1032 2907 1118 2982 pro·

58 2985 265 3079 periuret,
290 3003 397 3077 quern
419 2985 492 3079 qni·
505 2907 554 3061 ,ff
574 2983 649 3060 hoc
669 2983 857 3082 negotium
879 2985 949 3061 fint
971 2981 1119 3081 ineptis·

58 3083 144 3158 fimi.
205 3080 274 3156 Per
310 3081 660 3160 renovationem&
693 3081 1119 3160 commutationemno-

58 3183 194 3255 eninrrrn
228 3178 387 3254 maxime
418 3180 538 3256 oritur
566 3180 746 3258 consono.
805 3179 861 3256 Ut
896 3183 1058 3258 cremia
1082 3179 1119 3256 ὰ

59 3281 204 3370 Cerebris
237 3275 355 3354 eidern
378 3275 627 3374 subjicientur
651 3279 799 3377 generi,
839 3297 976 3354 nornen
1006 3297 1118 3375 gene·

57 3375 170 3452 ricurn
199 3373 349 3450 sumitur
373 3375 565 3474 Represir's,
598 3373 656 3452 sed
680 3399 765 3453 curn
787 3374 861 3451 ho'c
887 3378 996 3472 longe
1020 3373 1119 3452 eliud

57 3489 163 3550 antee
190 3475 345 3550 denotet
368 3493 503 3568 genus,
538 3477 617 3570 ejus
644 3475 733 3550 loco
759 3473 983 3550 substituitur
1011 3477 1119 3550 eece·

48 3573 118 3666 jus.
170 3571 226 3647 Ut
256 3573 428 3646 cambarie
457 3571 684 3648 officinarum
711 3575 917 3668 Cnmriyces
940 3569 1117 3666 denotet,

58 3691 79 3740 a
102 3690 235 3766 genere
261 3667 390 3742 Melois
419 3666 609 3745 cantharis
639 3683 769 3746 contre
796 3683 961 3746 nnturnm
991 3669 1117 3746 distin-

56 3769 200 3859 guitur,
225 3765 260 3840 &
286 3763 478 3840 cantharis
497 3767 541 3844 L.
560 3787 701 3844 novum
728 3767 877 3844 sortitur
899 3787 1036 3844 nornen
1061 3771 1116 3844 cr·-

58 3871 199 3954 rr'nneln,
231 3863 334 3940 &fic
355 3865 393 3940 in
410 3867 550 3942 -ceterie
574 3865 701 3944 veniit.
748 3865 984 3946 Acerrime&
1007 3865 1118 3942 Lete·

1027 3961 1117 4060 rr.»
