2724 4746
275 131 480 218 lilliUDO
508 125 854 218 mummulus.
1042 153 1087 232 il

41 319 95 395 Ut
108 329 237 393 rotent
258 317 430 394 menhrnn
451 317 572 394 habita
595 319 665 394 suit
688 323 807 413 ratio,
828 315 1089 396 medicamenta

36 433 300 512 emmeoagoga
315 411 407 489 dieta
427 417 733 516 propinabantur,
761 417 819 494 sed
838 415 969 494 efferta
987 421 1089 494 catu·'

37 529 143 589 erunt
169 515 290 588 omnl.
349 507 489 588 Interea
521 517 660 590 varices
691 517 748 592 ani
776 515 811 590 dt
838 511 919 590 vasa
953 509 1090 590 venosa
1201 525 1206 540 ·

37 631 181 686 muutu
215 609 324 683 valde
355 612 494 706 turgida
524 611 558 687 dt
587 613 749 688 vadense
776 613 849 689 visa
877 611 957 688 sunt
983 629 1092 708 quarn

38 709 203 804 plutima
268 705 393 782 Postea
418 710 528 804 igitur
548 733 576 782 ae
601 723 692 785 roto·
714 709 910 806 persuasum
939 707 1094 800 elisur

37 805 243 880 Hirudines
263 825 341 878 ano
366 805 551 880 admoveri
568 732 706 882 sineret
757 808 825 884 Cui
848 803 1093 884 admonitioni

39 901 119 976 dum
150 923 298 976 morem
324 901 443 998 gealt,
474 905 612 978 variter
642 905 789 1000 quidem
815 905 875 980 ani
902 901 1092 982 evanesce·

39 1001 80 1071 ba
130 1051 144 1090 ,
178 998 228 1072 de
249 1013 374 1072 cetero
397 1013 515 1076 autem
538 1001 628 1076 nihil
654 1003 756 1078 sensit
779 1003 906 1079 solatii.
958 995 1093 1076 Mente

38 1017 152 1188 spgo
174 1095 264 1169 inde
283 1097 466 1188 preterito
486 1097 669 1174 hirudines
687 1100 817 1176 itemm
833 1097 991 1188 admifit,
1014 1113 1094 1190 qu·

38 1195 169 1266 uncias
195 1191 346 1289 circiter
378 1191 537 1288 quinque
564 1195 742 1290 sanguinis
772 1197 826 1272 illi
854 1195 1093 1310 ensugcbeut,

38 1287 332 1480 {iiddom
348 1289 434 1480 {dd
444 1293 1095 1484 addidiciiiiniiiffi

39 1485 356 1572 conchatorum,
368 1503 449 1558 cum
462 1484 535 1558 levi
554 1485 862 1576 inflammatione,
883 1485 982 1562 circe
998 1481 1096 1558 labit

38 1583 226 1669 ulcerum,
254 1577 478 1682 conjuustua.
529 1583 621 1686 Qua
647 1583 780 1679 lingula
799 1583 980 1680 patienter
999 1581 1094 1656 tole·

39 1678 135 1750 rrvit
158 1673 342 1774 tergm&
369 1675 553 1753 admonita
582 1677 814 1772 admittebat,
849 1677 1093 1772 tertia-vice,

39 1773 261 1848 Hirudinum
286 1771 594 1868 adplicationemr
621 1775 655 1850 dt
679 1773 751 1851 hoc
773 1775 916 1870 quidem
941 1791 1094 1850 cocum

38 1873 291 1945 emolumento
326 1869 493 1946 effodiam
527 1869 603 1962 est,
634 1885 676 1946 ut
702 1873 839 1950 menses
867 1873 974 1948 facile
998 1871 1093 1946 redi·

38 1982 141 2059 tent,
176 1967 309 2060 sexque
334 1965 413 2060 post
435 1967 699 2058 hebdomadas,
729 1971 873 2056 ulcera,
901 1967 1094 2063 emplastro

38 2063 297 2138 exiiccantedt
320 2061 425 2138 fascia
450 2065 633 2159 expulsiva
658 2065 750 2138 ditia
768 2067 958 2152 adhibitis,
993 2085 1094 2138 cura·

37 2177 195 2238 renturs
240 2159 448 2258 Fonticuli,
485 2183 638 2254 quorum
665 2175 772 2236 antec
797 2161 888 2236 nur
917 2161 970 2234 est
995 2179 1094 2236 men·

39 2261 114 2348 tio,
151 2279 319 2352 quosque
344 2257 415 2352 jam
448 2279 512 2352 per
543 2258 695 2333 sedecim
729 2278 844 2334 annor
876 2256 969 2352 passa
999 2257 1093 2350 suit,

38 2355 94 2430 sua
113 2355 247 2452 sponte
262 2355 563 2434 nuncceliarunt.
613 2353 675 2431 Ab
700 2355 766 2428 illo
791 2377 905 2450 usque
926 2369 1093 2450 tempore

38 2453 117 2528 sana
137 2453 257 2543 vixit,
285 2444 491 2545 mensesque
507 2465 548 2528 ut
565 2449 721 2528 deiicere
739 2467 946 2548 coepemnt,
972 2451 1093 2528 mino·

37 2574 74 2624 ra
97 2549 220 2624 statim
249 2551 370 2623 ulcera
389 2571 560 2644 eruperer
590 2551 658 2626 Hir
690 2563 833 2644 autem,
861 2545 1094 2644 perititiam

37 2650 288 2736 nominatam,
323 2667 393 2740 qua
422 2646 557 2741 semper
585 2647 720 2747 utitur,
757 2645 1020 2722 &hirudinum
1045 2643 1093 2720 ad

37 2743 324 2820 hemorrhoidca
338 2741 636 2838 adplicationem,
660 2743 767 2818 facile
787 2741 921 2818 mederi
939 2741 1090 2838 poterit.

39 2840 77 2915 ln
94 2839 345 2931 Non-laudm,
370 2853 411 2914 ut
428 2839 518 2934 sepe
534 2841 697 2915 laudatur
711 2839 912 2914 GlSSLER
931 2861 999 2914 noa
1015 2857 1094 2913 cer·

40 2940 152 3012 tiores
176 2939 289 3023 facit,
323 2938 443 3011 ulcera
467 2935 699 3026 cacoithica,
729 2959 842 3030 opera
871 2935 1092 3010 Hirudinum

40 3057 81 3108 eo
96 3033 216 3110 modo
236 3033 354 3106 cruori
367 3033 503 3123 solent,
528 3045 570 3108 ut
582 3035 746 3110 cruribus
768 3031 923 3126 eedem,
953 3033 1018 3108 ubi
1036 3031 1090 3110 in·

41 3147 138 3230 tegra
156 3131 212 3204 est
232 3129 608 3226 cutia,adplieentur.

135 3259 344 3350 Podagrrrn,
376 3257 596 3334 Hirudinum
620 3277 692 3352 ope
712 3279 789 3335 non
814 3269 953 3332 tratum
978 3255 1091 3332 suble·

40 3371 182 3446 vatam,
225 3351 285 3426 scd
314 3373 377 3448 per
404 3353 583 3430 menstma
610 3353 911 3436 hemorrhoidum
946 3351 1091 3448 penitur

41 3453 239 3540 sublatam,
263 3469 309 3522 ex
325 3449 512 3526 Mouffeto
529 3465 789 3526 commemorat
804 3447 1062 3525 STAHLIUS.

132 3580 178 3654 ln
202 3579 370 3652 Ordrmrtr
388 3573 539 3671 pedum,
562 3577 599 3652 in
619 3579 758 3654 Boethio
778 3577 811 3651 dt
830 3581 1018 3668 Vaticidur,
1049 3577 1090 3658 in

43 3683 217 3761 Sturium,
258 3673 294 3746 in
322 3671 514 3776 Qerrtnia,
547 3673 632 3768 quid
657 3675 852 3750 Hirudinea
878 3675 1092 3770 consemnt,

41 3775 169 3850 iscire
186 3789 319 3864 evcaa,
342 3771 447 3848 adera
463 3772 551 3848 licet
565 3772 653 3847 Aur
668 3771 779 3848 Hosto.
801 3793 906 3885 ¹²59·

572 3879 655 3978 u,
986 3844 1124 3984 cua?
