2688 4752
94 173 483 264 nonnullum
513 179 967 272 ORNITHOLOGICA.
1019 207 1088 288 ray

27 363 185 442 statores
197 365 244 442 *in
257 363 535 442 admirationem
550 363 711 460 rapiunt.
737 365 859 472 Quid?
869 369 966 462 quod
981 372 1091 448 etiam

27 485 112 538 aves
127 463 331 540 cinereo&
343 462 489 540 sordido
508 463 638 538 colore
651 463 786 554 noste,
811 469 871 542 vel
888 467 961 543 sola
978 465 1091 560 plflu·

27 561 283 762 ngstm
301 579 565 656 nonnunquam
585 561 834 659 maximopere
852 566 1022 659 placente
1050 578 1093 644 ut

103 686 128 734 Σ
436 713 446 734 ·

55 683 104 756 yn
118 757 233 830 AUR
307 769 457 854 captant
477 776 575 834 voce
594 755 804 856 gracillima,
831 757 964 854 liuida,
988 761 1092 838 flexi-

28 857 47 932 li
69 878 115 930 ac
142 855 270 930 nescio
296 875 449 950 quacum
475 855 557 931 satis
590 855 850 952 comparabili,
888 857 954 936 uisr
992 857 1091 938 forte

29 977 105 1030 cum
122 955 207 1046 lyra
230 951 396 1048 Orphei,
421 953 446 1028 ss
468 951 557 1030 fides
575 949 702 1042 diuis,
730 951 812 1028 laxa
830 953 997 1051 ferasque
1012 980 1091 1034 mo·

30 1065 149 1126 sente.
218 1051 352 1126 Turdus
382 1049 521 1145 mficur
544 1049 734 1150 longiores
762 1051 893 1128 estatis
925 1053 1092 1150 vesperas

31 1165 137 1224 cautu
158 1147 258 1223 fallit
280 1149 390 1224 facile
406 1147 617 1226 dulciffimo.
665 1149 782 1224 Loxie
806 1150 1036 1229 Enuclcmoris
1056 1153 1093 1228 ἀ
1194 1183 1205 1204 ·

32 1249 216 1324 mimula
226 1247 391 1342 Luscinio
404 1247 562 1324 vocibus
574 1245 732 1322 millenis
744 1247 908 1337 diverfis,
928 1249 975 1342 u,
993 1249 1094 1346 quod

32 1345 156 1442 sepius
172 1343 325 1420 miratos
338 1343 433 1435 sum,
458 1343 601 1441 optime
617 1343 812 1440 consonis,
837 1345 955 1422 media
968 1347 1092 1438 noue,

31 1457 174 1520 montes
200 1443 370 1537 filvaeque
393 1441 600 1539 personant,
660 1441 761 1548 Quid
785 1443 952 1522 Alaudam
974 1471 1092 1522 aroer»-

26 1543 105 1641 er,
133 1545 495 1631 commemorem,
523 1543 601 1630 vel,
615 1543 762 1618 Turissa
777 1547 1005 1642 polyglotlum,
1030 1545 1092 1622 vel

36 1643 221 1738 Orpbemn,
246 1651 310 1714 aut
348 1639 438 1717 alias
469 1641 748 1734 quamplurimas
784 1661 1092 1733 commemorem,

34 1760 105 1812 cum
121 1757 196 1812 nec
219 1737 360 1812 calamo
377 1757 509 1820 vocem
526 1735 708 1834 alicquar,
730 1759 802 1814 nec
828 1752 937 1816 vacet
957 1739 1093 1817 notlffi·

36 1837 92 1920 mis
110 1833 331 1910 immorari?

121 1929 397 2012 OLFACI’US
412 1952 580 2030 organon
605 1931 672 2007 vix
689 1933 797 2008 ullam
821 1952 927 2010 avem
955 1953 1002 2008 ex
1026 1955 1092 2008 no·

36 2033 106 2110 lois
131 2032 171 2108 in
191 2029 335 2106 deliciis
350 2029 482 2122 habet,
509 2029 575 2106 oili
599 2029 697 2104 forte
717 2029 860 2104 unicam
882 2033 979 2106 illam
998 2031 1094 2106 Ano·

36 2149 89 2246 rm
106 2131 322 2242 coruscum,
348 2129 452 2224 cujus
475 2125 570 2206 odor
598 2127 839 2204 ambrofiacus
868 2149 890 2204 ι
912 2149 990 2204 non
1007 2151 1094 2226 pau·

37 2251 80 2306 m
96 2237 345 2402 affin&
360 2321 550 2400 innumera
565 2343 610 2402 ac
626 2271 706 2402 'lere
720 2321 963 2400 delicatiffima
978 2323 1095 2402 fercu-

39 2426 77 2518 la,
99 2445 193 2524 grex
213 2419 337 2499 nostra
350 2421 549 2518 pennigera
572 2419 700 2498 afferte
725 2421 925 2500 nominalie
947 2419 1096 2502 sufficiat

38 2525 204 2624 Maean,
222 2521 425 2611 Pluuialiam,
446 2521 589 2612 Osirim,
610 2519 816 2616 Plossmum,

348 2748 354 2754 ,
474 2693 511 2784 q.
560 2687 657 2765 xlx.

123 2799 396 2886 FINIAMUS.
447 2801 595 2901 Singula
615 2801 678 2878 illa
698 2799 839 2878 adferre
855 2801 890 2876 oc
909 2819 1096 2899 exponere

39 2903 283 2984 commoda&
306 2913 542 2992 ornamenta,
576 2921 656 2996 quae
678 2901 808 2976 avibus
831 2917 982 2997 accepta
1002 2903 1095 2978 reic-

38 3009 167 3096 rimus,
202 3001 283 3098 quis
308 2997 392 3074 l'atia
422 3000 582 3088 valeatl,
608 2997 738 3084 Paucis
769 3019 843 3077 cern
865 3001 1095 3095 complciiar.

39 3105 135 3180 llves
162 3099 283 3177 sensus
305 3117 433 3173 omues
461 3097 626 3172 excitant
649 3096 887 3190 irritantque;
922 3099 1097 3178 mundum

38 3212 219 3278 exornant
243 3196 278 3272 oe
298 3194 497 3289 jucundum
522 3193 700 3284 redduntq
735 3195 927 3272 nobiscum
949 3195 1097 3271 vallilia-

38 3325 92 3376 no
129 3299 169 3374 in
204 3295 346 3371 deserto
379 3293 495 3368 amice
521 3293 706 3388 qamiuntq
742 3314 812 3366 nos
838 3313 1097 3388 usquequaque

39 3394 327 3485 circumvolant,
350 3411 534 3484 nunquam
551 3411 629 3466 non
647 3387 829 3465 alacres&
849 3391 972 3486 agiles.
990 3393 994 3401 “
1014 3393 1098 3496 Qua

38 3497 76 3570 ie
93 3491 236 3582 caulla,
262 3505 304 3564 ut
325 3487 512 3578 videmus,
537 3489 621 3563 loca
643 3487 773 3562 avibus
798 3507 914 3561 vacua
933 3493 1099 3570 omnium

39 3595 101 3668 elle
121 3589 336 3678 tuillium,
361 3587 413 3660 ita
435 3585 527 3660 nihil
554 3585 592 3660 in
617 3585 755 3661 mundo
776 3587 950 3660 amoenius
966 3589 1097 3682 jucun·

39 3693 212 3785 diusquc,
236 3707 341 3780 quam
363 3685 543 3760 cantrices
560 3683 648 3776 has,
675 3683 853 3757 varietate
873 3681 1096 3766 sonorum&

41 3800 226 3866 concentu
251 3783 405 3873 hilares,
430 3783 467 3856 in
486 3781 627 3856 laudern
654 3779 777 3856 summi
801 3779 974 3857 Aulloris
1001 3806 1097 3862 arre-

40 3887 128 3981 ins,
172 3879 324 3962 armatis
350 3878 497 3960 auribus
529 3879 726 3976 animoque
757 3876 881 3956 sedato
911 3880 1096 3962 exaudire.

1024 3977 1095 4057 Ec-
