2688 4752
290 194 358 261 140
397 163 773 243 FUNDAMENTA
804 163 1218 240 ENTOMOLOGIAE.

284 347 419 440 pitibus
438 345 517 419 sunt
538 343 727 432 instrusla,
752 346 907 416 Vermes
928 368 1004 418 non
1031 346 1138 416 item:
1176 345 1316 418 Autroni

282 447 342 518 illa
361 445 538 538 gaudent,
567 443 602 514 bi
626 458 770 524 carent;
802 445 902 515 Pedes
919 464 1064 535 quoque
1083 441 1217 515 infestis
1238 441 1316 534 sunt,

282 542 466 614 vermibus
492 540 593 614 nulli.
654 538 788 614 lnsec‘la
814 541 935 612 omnia
962 541 1019 614 scr
1048 555 1111 612 aut
1134 539 1247 632 pluses
1268 543 1318 611 ha·

281 644 370 716 bent
381 643 495 733 perles.
517 635 693 729 respirant
713 640 810 710 Poris
831 637 874 709 ad
894 640 1005 711 latera
1023 637 1167 730 postis,
1193 638 1315 731 quisal-

279 744 392 810 rnrula
414 735 587 823 audiunt,
613 735 647 806 δι
675 736 837 807 exterior
861 744 944 808 curis
974 736 1207 808 interioribus
1225 734 1316 825 parti-

279 837 347 907 bus
370 833 495 905 durior
515 831 586 918 est,
612 854 654 903 ac
679 831 799 905 sceleti
826 834 944 905 vicem
966 832 1129 927 praestat,
1163 831 1253 923 quod
1273 833 1315 904 in·

279 948 335 1006 tra
354 952 487 1023 corpus
510 950 586 1001 non
608 929 733 1017 datur3
759 931 854 1002 unde
874 932 982 1004 etiam
1001 929 1104 1003 Acus
1122 930 1250 1002 marina
1272 929 1316 1000 in·

279 1029 410 1104 sedum
433 1049 510 1100 non
535 1023 596 1097 est.
656 1026 873 1118 Praecipuam
904 1050 995 1101 vero
1024 1042 1149 1101 notam
1176 1028 1314 1099 Aulona

277 1126 506 1212 constituunt
542 1124 579 1196 in
614 1125 734 1217 capite
769 1123 992 1218 conspicua,
1031 1148 1109 1219 quae
1140 1124 1315 1198 articulate

276 1227 359 1302 sunt
392 1226 427 1298 dt
460 1224 498 1296 in
528 1244 673 1295 ornnem
702 1237 839 1314 partem
875 1224 1054 1311 mobiles,
1099 1243 1173 1314 quo
1206 1219 1312 1313 ipsoa

278 1325 453 1398 cornibus
471 1320 678 1398 animalium
696 1320 884 1406 differunt,
903 1321 1088 1414 sensuique
1102 1319 1250 1413 cuipiam
1267 1339 1313 1389 or·

276 1440 451 1516 ganorum
477 1416 561 1488 vice
586 1415 806 1502 inserviunt;
835 1419 949 1510 qualis
966 1437 1087 1493 autem
1113 1419 1174 1492 hic
1198 1416 1310 1490 srtsen·

276 1519 354 1604 sus,
386 1536 463 1588 non
498 1512 610 1608 magis
641 1514 882 1606 percipimus,
916 1538 1022 1608 quam
1058 1517 1083 1591 li
1115 1515 1224 1588 homo
1251 1509 1310 1605 ipse

275 1613 395 1688 oculis
422 1626 585 1699 careret,
616 1611 886 1706 &ungularem
916 1627 1036 1688 tamen
1065 1613 1243 1688 radiorum
1266 1609 1308 1681 lu·

273 1711 383 1789 minis
407 1708 586 1782 altionem
611 1709 647 1782 in
675 1711 829 1782 retinam
853 1710 951 1783 oculi
978 1710 1238 1799 determinare,
1260 1703 1309 1777 vel

272 1808 497 1885 mutationes
522 1805 607 1879 inde
629 1807 667 1881 in
694 1807 812 1879 anima
838 1807 992 1881 bumana
1022 1807 1193 1883 oriundas
1213 1802 1308 1897 expli·

273 1929 356 1981 care
379 1916 587 1980 conaretur.
648 1900 823 1998 organon
849 1921 969 1978 autem
996 1905 1117 1982 sensus
1141 1905 1309 1979 Antennas

273 2007 351 2079 illas
373 2001 442 2077 elle
464 2025 509 2075 ex
528 2022 576 2074 eo
593 2013 715 2094 patet,
738 1999 837 2092 quod
855 2001 911 2076 his
932 2005 1133 2078 antrorsum
1152 2015 1309 2094 perpetuo

272 2116 400 2198 agant,
430 2099 560 2175 nuum
587 2111 707 2172 autem
734 2099 805 2173 illis
827 2119 905 2176 oon
925 2102 1060 2193 inesse,
1084 2102 1227 2190 durior,
1252 2113 1307 2188 qut

270 2212 461 2290 teguntur,
490 2195 607 2270 crusta
626 2197 788 2286 evincit,
813 2219 883 2270 nec
905 2220 983 2273 non
1007 2200 1168 2290 brevitas
1188 2199 1224 2270 in
1239 2193 1306 2266 Mu·

270 2299 336 2372 scis
357 2297 391 2368 δι
413 2292 557 2368 Infestis
586 2291 677 2363 aliis.
730 2291 909 2367 Caeterum
939 2317 1038 2369 cavae
1067 2297 1147 2371 sirnt
1164 2295 1202 2369 dt
1218 2293 1305 2366 tubu-

269 2393 374 2479 losae,
407 2398 489 2463 a'c'rc
522 2390 557 2462 dt
584 2388 736 2461 humore
761 2389 918 2482 quodam
948 2395 1120 2486 repletae,
1154 2388 1245 2488 quod
1268 2403 1304 2457 er

269 2488 437 2563 antennis
462 2485 658 2580 papilionis
682 2507 781 2579 aquae
807 2487 963 2565 immislis
984 2490 1215 2586 conspicitur.

363 2584 432 2658 Sed
455 2600 495 2657 ut
515 2585 557 2656 ad
578 2585 760 2658 terminos·
774 2587 964 2662 veniamus
986 2589 1095 2682 artis,
1122 2587 1225 2663 notio
1245 2579 1302 2676 pri·

267 2709 362 2758 mum
392 2682 558 2776 corporis
588 2682 729 2757 externi
744 2682 813 2758 ·est
841 2684 1076 2778 stabilienda,
1100 2683 1196 2780 quod
1218 2695 1303 2755 more

265 2784 568 2858 Anatomicorum
601 2781 640 2854 in
679 2795 810 2878 caput,
852 2797 1044 2876 truncum,
1080 2773 1302 2858 abdomen&

266 2896 364 2954 artus
393 2879 612 2972 dispescitur.

361 2977 382 3014 ⁴
404 2974 575 3048 CAPUT
600 2977 735 3069 absque
759 2976 924 3050 cerebro.
977 2975 1175 3052 Cerebrum
1191 2973 1222 3047 t
1240 2989 1300 3044 me·

265 3075 362 3150 dulla
389 3072 533 3166 spinalis
558 3073 595 3146 in
626 3095 673 3145 eo
699 3070 896 3163 differunt,
934 3073 1032 3167 duod
1053 3074 1142 3148 illud
1165 3065 1300 3146 medulla

263 3176 306 3249 fit
328 3169 539 3267 organisata.
592 3169 709 3245 Filum
741 3167 884 3262 quidem
919 3171 1116 3245 medullare
1145 3173 1182 3244 in
1207 3173 1301 3257 capul

262 3271 333 3345 sese
356 3281 547 3362 penetrare
567 3287 643 3340 non
664 3286 858 3360 negamus,
886 3268 944 3341 sed
973 3271 1104 3343 nullam
1126 3266 1300 3367 observare

261 3369 365 3442 licuit
381 3364 705 3462 organisationem,
722 3364 817 3438 unde
836 3364 943 3438 etiam
962 3366 1196 3460 Hippobosca
1214 3377 1298 3451 equt·

261 3485 306 3539 na
324 3465 441 3552 vivit,
468 3463 632 3547 cursitat,
658 3459 768 3534 immo
796 3465 895 3551 coit,
928 3464 1051 3536 demto
1070 3465 1158 3539 licet
1179 3457 1296 3561 capito

261 3564 414 3650 utalia,
445 3581 522 3652 quar
549 3559 609 3630 diu
636 3559 708 3632 sine
730 3562 850 3654 capite
877 3561 1005 3634 vivere
1031 3563 1193 3654 possunt,
1225 3565 1296 3658 ret}-

260 3682 374 3734 ceam.
426 3656 468 3730 ln
496 3656 615 3749 capite
636 3677 741 3730 aures
769 3660 895 3748 nulls,
925 3660 1021 3733 unde
1045 3661 1201 3732 auditum
1220 3651 1296 3755 Ap·

259 3760 326 3831 bus
354 3775 544 3852 negamus,
578 3752 639 3844 qui
661 3752 734 3828 line
758 3756 903 3828 auribus
929 3777 1005 3830 non
1031 3757 1160 3830 tetrius
1186 3764 1295 3825 conct-

259 3859 378 3954 pitur,
408 3873 512 3950 quam
537 3849 609 3928 fine
632 3853 752 3927 oculis
774 3850 883 3932 visus.
933 3851 1147 3952 clangorem
1167 3845 1295 4018 quaidpgt
