2716 4748
310 167 536 246 nunnus
566 165 859 248 ruvrsrartrs.
1048 141 1120 268 aar

58 345 206 424 tissimus
227 349 428 422 Guetlarrlur
450 348 493 421 ad
513 369 596 422 orae
610 345 796 435 Pteonlae,
826 348 920 424 hanc
944 346 995 420 ob
1020 345 1119 424 caus·

56 447 126 522 sam
150 447 229 520 suut
244 443 408 538 prosetli.
461 447 588 530 Beier,
608 445 723 532 Ellis,
745 445 880 540 Bastar,
900 436 1024 532 Rusti,
1049 445 1116 520 Leb

56 549 242 629 permittur,
264 539 418 636 Srlmffer
435 543 468 616 dt
485 541 547 614 alii
564 543 699 635 plures,
710 563 873 636 campum
893 543 998 630 heic,
1021 541 1118 618 suam

54 639 308 734 microseopiis
330 639 523 712 exercendi
550 631 790 714 attentionem
818 655 924 731 atque
951 639 1117 714 industri·

55 761 135 828 am,
163 739 384 824 invenerunt
402 735 688 830 parentiffimum.
727 735 846 812 Multa
865 737 947 812 heic
964 736 1116 830 Hydrae,

53 835 272 910 Vorticellae
294 835 414 909 &alia
431 835 606 908 vermium
625 853 778 928 genera,
814 854 891 928 qua
918 848 1025 908 antea
1054 855 1116 910 ne·

52 959 118 1012 mo
137 946 315 1021 noverat,
344 931 494 1006 suerunt
510 931 660 1006 detetla.
707 929 862 1006 Inventa
878 931 957 1006 sunt
975 932 1053 1006 hec
1076 931 1116 1010 in

53 1031 157 1106 omni
177 1031 253 1103 fere
278 1051 390 1122 aqua,
422 1031 482 1106 vel
508 1029 626 1112 oculis
648 1049 726 1102 uon
752 1029 931 1116 videnda,
967 1031 1028 1104 vel
1061 1029 1116 1106 in·

51 1129 126 1206 star
164 1127 284 1220 puncti
322 1125 538 1200 minutissimi
570 1126 726 1214 mucosr3
770 1127 827 1200 sed
866 1125 1116 1222 microscopiit

52 1225 373 1318 conspiciebantur
396 1223 465 1296 else
496 1225 709 1302 animalcula
741 1221 865 1318 sepius
894 1224 1115 1318 composita,

51 1323 188 1410 ramis,
215 1344 317 1396 more
336 1322 559 1414 plantarum,
589 1319 778 1409 instruar,
813 1345 967 1416 quorum
989 1321 1116 1418 finguli

51 1424 196 1514 integra
218 1419 371 1494 totidem
394 1418 474 1493 sunt
495 1418 672 1494 animalia.
725 1419 964 1498 Observatum
988 1417 1040 1494 est
1062 1418 1115 1494 dl·

51 1521 134 1594 vidi
163 1519 219 1590 illa
239 1515 358 1610 pollii,
384 1529 425 1590 ut
441 1539 489 1590 ex
511 1517 643 1610 quovis
658 1517 838 1612 eiusmodi
863 1517 1012 1614 suplici
1039 1515 1115 1592 ani·

52 1616 142 1692 mali
170 1617 226 1692 vel
252 1637 374 1701 ramo,
405 1614 506 1707 plura
533 1612 685 1706 fierent,
712 1629 820 1709 atque
837 1615 1116 1692 tentaculosor·

53 1715 128 1792 fiee
154 1713 297 1801 demto,
323 1711 418 1784 aliud
444 1713 559 1786 statim
587 1735 720 1808 corpur
738 1713 887 1804 instrui,
915 1713 1115 1809 separatura

55 1833 152 1884 vero
185 1810 408 1883 brachiolum
445 1809 481 1884 in
515 1823 632 1884 totum
666 1811 787 1886 denuo
822 1814 921 1884 abire
952 1811 1113 1886 Animal.

55 1907 147 1983 Visa
181 1908 260 1982 sunt
284 1907 359 1980 hec
382 1927 539 2002 corpora
565 1909 673 1983 ramis
698 1923 761 1983 aut
787 1909 958 2004 gemmis,
992 1929 1114 2002 quern·

58 2006 251 2080 admodum
272 2006 511 2101 vegetabilia‚
537 2007 683 2102 augeri,
719 2005 806 2096 quin
833 2007 941 2080 etiam
963 2004 1117 2080 divisum

58 2105 187 2194 inseri,
215 2117 257 2176 ut
275 2103 442 2197 corporis
458 2101 590 2178 dissesli
615 2102 800 2178 dimidium
831 2125 914 2179 cum
940 2101 1014 2177 alio
1035 2103 1116 2194 iun

57 2211 175 2290 turm,
211 2201 247 2276 in
272 2215 389 2277 totum
419 2198 669 2275 concresceret
698 2202 963 2276 animalculum.
1022 2197 1117 2274 Uni·

60 2321 140 2372 curn
171 2300 208 2372 in
244 2297 460 2392 srmplicibus
499 2297 554 2372 his
587 2299 804 2392 corporibus
838 2299 1028 2374 inventum
1063 2295 1116 2372 est

61 2395 251 2482 ostiolum,
270 2395 345 2468 oris
363 2397 461 2470 simul
485 2395 593 2470 &ani
619 2396 738 2470 vicem
755 2395 1021 2491 suppleturum,
1053 2391 1115 2468 ad·

61 2515 109 2566 eo
131 2511 171 2567 ut
191 2494 367 2588 deglutita
387 2493 565 2586 quedam,
599 2493 679 2586 ipsrs
699 2492 790 2587 sape
811 2496 971 2586 maiora,
1006 2493 1113 2568 succo

57 2591 158 2686 prius
179 2591 362 2678 extracto,
386 2613 451 2684 per
474 2591 646 2677 eandem,
682 2611 751 2683 qua
768 2590 925 2665 adsumta
948 2591 1114 2681 suerent,

58 2703 260 2782 aperturam
289 2687 491 2762 redderent.
549 2687 642 2760 lllud
670 2708 763 2762 vero
794 2707 940 2762 omnem
968 2686 1114 2778 Phyllo-

57 2787 166 2880 logie
185 2785 298 2858 ideam
316 2784 476 2878 superat,
509 2784 607 2877 quod
627 2785 809 2879 Polypus,
838 2783 1036 2858 extrorsum
1062 2795 1114 2858 at·

56 2905 129 2976 que
156 2880 346 2957 introrsum
364 2881 607 2961 contortus&
630 2881 813 2973 inversus,
849 2881 967 2956 nihilo
993 2880 1114 2956 minua

57 2979 159 3053 vivit
177 2997 218 3054 ac
235 2981 414 3068 nutritur,
432 2993 474 3054 ut
493 2993 619 3067 antear
644 2991 684 3054 ut
703 2993 855 3068 taceam,
872 2979 949 3054 hee
966 2978 1114 3066 animul-

55 3078 140 3150 cula
158 3077 194 3152 in
217 3079 328 3167 rivis,
354 3093 444 3170 aqua
470 3077 596 3151 estivo
624 3089 789 3168 tempore
812 3075 1017 3164 arescente,
1051 3097 1114 3150 err·

54 3174 180 3250 srecari
213 3191 320 3268 etque
349 3175 439 3247 adeo
467 3175 582 3261 mori3
626 3175 750 3268 pluvia
780 3187 900 3248 autern
929 3173 1114 3248 adfluente

56 3272 332 3346 reviviscerent
350 3271 533 3366 pristinam
549 3291 763 3365 recuperare
780 3271 1015 3359 alacritatem,
1030 3289 1111 3364 per·

56 3367 144 3442 inde
163 3391 205 3442 ac
218 3369 356 3460 Musei,
375 3371 434 3462 qui
452 3391 517 3462 per
533 3367 702 3456 estatem,
713 3367 794 3442 ficei
812 3368 893 3441 sunt
906 3365 1015 3442 instar
1033 3367 1113 3460 pul·

55 3467 177 3554 veris,
202 3481 375 3540 autumno
393 3480 510 3539 autem
529 3463 709 3558 &hyeme
727 3467 890 3560 vigorem
914 3463 1109 3558 recipiunt.

55 3565 174 3662 Quis,
196 3565 257 3636 nisr
275 3562 436 3652 vidisset,
453 3561 644 3636 erederet?
677 3561 827 3638 Interim
848 3583 905 3634 rea
921 3561 998 3634 hec
1019 3561 1112 3636 adeo

55 3663 108 3736 est
134 3675 252 3747 certa,
281 3662 367 3734 utsr
398 3661 477 3754 quis
504 3660 748 3750 dubitaverit,
778 3659 903 3733 videre
930 3657 1004 3751 ipse
1034 3660 1112 3732 hec

56 3759 202 3847 omnia,
230 3781 292 3850 per
310 3757 568 3851 microscopur,
593 3755 719 3849 posset.
770 3755 993 3849 supersedeo
1012 3777 1113 3828 com·

52 3878 256 3936 memorare
272 3857 461 3932 Nollilucur
478 3860 641 4026 mafiigrr,
664 3843 933 3932 Nereidestam
954 3873 1110 3948 parvas,

614 3974 634 4046 3
1066 3961 1109 4024 ut
