2688 4752
138 227 519 309 nuunaunnra
549 229 972 352 nnsonosoorrs.
1020 256 1086 327 141
1246 299 1253 312 .

28 409 246 486 &sonitum
273 409 481 508 graviorem
507 411 737 508 percipiunt,
768 433 869 506 eque
894 433 937 488 ac
961 411 1088 508 pisces,

28 507 78 582 led
98 507 179 580 alio
201 509 331 602 plane,
359 529 462 602 quam
480 529 545 603 per
559 509 719 585 auditum
735 509 860 584 modo.
906 509 1089 594 Olisiium

29 607 131 679 etiam
157 603 197 678 in
219 603 368 680 dubium
392 607 586 698 trahimus,
614 609 698 700 quia
721 607 806 682 naso
831 605 919 682 iunt
942 606 1087 682 destitu-

31 719 78 776 ta:
107 701 156 776 ad
177 701 352 776 olfactum
371 705 467 780 enim
487 702 635 779 dilatata
653 705 849 796 requiritur
864 705 1087 796 membrana,

30 797 328 894 quemadmodum
357 798 401 874 ad
434 799 595 876 auditum
624 801 776 876 intenta.
826 801 1088 878 Exhalatiooes

32 897 172 992 quidem
200 895 362 972 sentiunt
392 913 510 994 maras
536 919 569 974 e.
586 919 619 994 g.
645 919 691 972 cr
709 899 837 989 melle,
866 898 1087 1008 ac'foetidas,

31 995 79 1068 led
117 993 238 1068 modo
277 993 387 1068 nobis
431 995 637 1090 incognito.
698 993 911 1072 Ordinarias
947 993 1088 1092 linguas
1147 999 1154 1008 '

31 1092 203 1186 plurima,
224 1089 357 1172 inseiis
398 1113 476 1170 uon
515 1093 672 1184 habent,
710 1113 830 1188 neque
863 1115 929 1168 orc
960 1095 1088 1172 sonum

31 1191 159 1281 edunt,
185 1187 248 1264 sed
301 1188 428 1265 edibus
454 1187 513 1266 seu
535 1191 601 1264 aiis
624 1190 662 1264 in
685 1190 895 1284 nonnullis,
913 1207 985 1266 ‚aut
1013 1193 1086 1266 alio

32 1287 186 1382 quodam
222 1285 260 1361 in
336 1299 462 1362 mento
496 1285 658 1362 clastico.
725 1289 844 1362 Oculos
877 1289 1089 1382 plerumque

32 1385 155 1476 binos,
198 1383 257 1458 sed
289 1382 453 1478 Gyrinus
475 1406 521 1477 4,
558 1382 714 1479 Scorpio
734 1389 780 1474 6,
813 1385 950 1462 Aranni
974 1395 1018 1477 8,
1054 1385 1088 1460 δι

32 1481 279 1577 Scolopendra
321 1494 485 1556 tornatos
522 1481 669 1558 habent.
727 1483 920 1578 Palpebras
952 1482 1089 1558 habent

32 1581 165 1670 nullas,
190 1578 250 1654 sed
271 1577 397 1652 tunica
417 1579 514 1654 oculi
536 1579 717 1676 pellucida
740 1579 814 1672 cst,
839 1581 1004 1656 indurata
1034 1581 1087 1658 in·

32 1675 91 1752 star
113 1676 208 1752 vitri
232 1675 271 1750 in
295 1674 494 1773 norongio
523 1677 699 1772 portatili.
750 1677 861 1752 Oculi
889 1679 999 1774 igitur
1025 1701 1086 1754 ex·

32 1789 126 1850 erne
143 1773 305 1850 mobiles
322 1793 399 1850 non
414 1771 515 1867 sunt,
533 1774 598 1850 nifi
619 1773 717 1850 sorte
740 1775 777 1850 in
793 1771 959 1854 Cancro.⁴
1003 1777 1085 1853 Una

33 1873 241 1966 plerumque
261 1872 339 1948 lens
362 1869 434 1960 ast,
459 1870 518 1946 sed
543 1873 581 1948 in
606 1871 725 1947 oculis
741 1869 994 1968 Papilionum‚
1019 1872 1086 1948 Di·

33 1968 270 2064 pterorum&
293 1967 562 2044 Scarabaorum
579 1970 717 2064 plures:
736 1969 781 2044 in
798 1989 933 2045 cornea
957 1969 1087 2062 quavis

33 2065 229 2162 Papilionis
263 2087 381 2161 17325
409 2066 527 2142 lentes
558 2065 710 2164 Pugett,
743 2064 779 2138 it
804 2065 843 2142 in
866 2063 992 2141 Musca
1016 2077 1091 2162 8οοΙ

33 2161 314 2244 lecuwenboelt
337 2161 559 2238 observavit
925 2203 934 2218 ·

116 2260 399 2338 ANTENNAE
423 2255 667 2338 communiter
684 2260 779 2336 bino
796 2258 835 2334 in
851 2257 998 2352 fronte,
1020 2259 1087 2336 nili

34 2361 103 2454 quis
126 2360 169 2436 in
191 2357 342 2434 Cancris
356 2358 544 2433 nonnullis
567 2359 765 2454 concipere
783 2359 896 2431 vellet
915 2375 1083 2452 quatuor.

33 2457 113 2532 Sunt
128 2477 228 2532 vero
244 2455 299 2532 hc
316 2455 457 2530 insessis
479 2455 659 2552 propriu,
682 2455 716 2528 ir
733 2467 757 2528 'a
772 2451 988 2532 Tentaculis
1003 2476 1086 2530 ver·

32 2557 133 2630 mium
158 2557 270 2652 plane
293 2551 485 2641 distinetur
511 2553 589 2628 hac
611 2553 709 2628 enim
730 2554 855 2628 mollia
880 2553 982 2644 sunt,
1007 2555 1086 2630 An·

33 2667 143 2730 tenore
167 2671 261 2728 vero
280 2647 494 2738 mustaceus,
519 2650 593 2725 &a
612 2651 729 2748 Palps's
746 2649 960 2726 inseiiorum
978 2651 1017 2726 in
1038 2673 1085 2725 eo

33 2749 224 2842 differunt,
247 2747 346 2843 quod
373 2745 411 2823 hi
440 2747 562 2842 plures
592 2747 683 2836 int,
707 2746 806 2822 &ad
827 2768 871 2822 os
894 2747 1085 2842 collocati,

32 2861 130 2942 atque
148 2849 193 2924 in
205 2845 392 2922 nonnullis
409 2865 559 2940 quoquc
572 2843 714 2920 inseiiis
730 2847 838 2940 plane
851 2843 976 2920 defint.
1004 2843 1085 2918 Ma·

32 2945 109 3020 rimi
127 2965 218 3022 cum
240 2943 309 3020 lint
331 2943 510 3018 momenti
535 2957 703 3018 cotenon
724 2943 763 3018 io
788 2941 1006 3018 differentiis
1030 2943 1076 3019 in

31 3041 226 3134 timum,
252 3061 332 3136 qun
355 3039 399 3116 ad
421 3039 552 3136 figuras
579 3037 655 3116 suas
672 3039 877 3116 adcuratius
896 3051 1004 3114 crunt
1024 3037 1085 3114 cle·

32 3139 281 3218 terminando:

118 3243 283 3325 Scraceae,
300 3255 380 3331 qun
393 3231 515 3332 fenim
529 3229 652 3308 versus
667 3231 807 3327 apicem
827 3247 1033 3308 attenuata.
1071 3279 1076 3293 ι

117 3333 334 3428 iilifcrmes,
359 3353 437 3426 quc
462 3329 655 3406 secundum
675 3345 793 3406 totam
817 3331 1086 3429 longitudinem

30 3434 188 3528 ejusdem
210 3427 371 3506 crassitiei
395 3427 487 3503 sunt.

121 3529 364 3622 Mmilisormcs
389 3525 470 3602 sunt
490 3523 681 3600 filiiormcs
691 3576 706 3615 ,
731 3522 789 3600 sed
814 3524 976 3602 articulis
995 3550 1084 3608 con·

27 3631 117 3708 stant
143 3630 184 3704 in
212 3627 334 3702 medio
360 3621 585 3698 milioribus
611 3635 675 3698 aut
699 3622 915 3700 rotundatis.

120 3733 291 3813 Choara,
308 3743 387 3818 qua
403 3718 524 3796 versus
542 3719 683 3816 apicem
700 3717 822 3796 senfim
840 3720 1049 3798 incraliatae.

119 3829 278 3923 &piano
297 3819 378 3898 sunt
398 3821 572 3916 clavato,
591 3817 651 3898 scd
671 3817 776 3916 apice
790 3815 1033 3910 subrotundn,

989 4011 1081 4114 np-
