2640 4744
341 201 712 326 Potueritne„
981 227 1053 304 237

379 385 410 461 1.
446 351 670 462 'nomem

46 563 70 618 n
98 535 333 633 disquirendo
362 535 459 614 unde
489 537 582 614 Tbeae
608 557 743 613 nomen
768 531 966 614 desumtum
993 533 1055 630 bt,

67 641 197 714 multus
231 657 310 713 non
340 657 427 729 ero,
454 649 574 711 utrum
599 635 750 730 arTſjaa
777 633 1056 732 Japonensrum,

68 759 111 812 an
136 737 221 810 Turb
238 732 495 825 Chincnfium,
521 733 619 826 quod
639 733 936 808 verifimillimnm
956 734 1057 808 vide·

10 855 77 927 ur,
100 849 209 928 potus
235 829 359 908 noster
384 829 483 908 suurn
509 851 644 907 nomen
669 831 814 906 derivat
842 831 1056 920 barbarum

10 935 55 1008 rei
78 931 175 1026 quod
199 929 370 1006 Botanici
400 927 739 1006 denominationem
767 929 862 1004 hanc
892 929 1055 1019 latinam,

10 1027 96 1116 riri
119 1027 333 1104 Grecorum
362 1025 606 1117 ass'umserint‚
641 1048 720 1102 eam
748 1028 800 1100 ob
830 1048 929 1116 rem,
959 1029 1058 1121 quod

9 1129 161 1205 iuticem
181 1127 281 1202 bunc
302 1123 466 1218 Maiores
490 1126 531 1201 in
553 1123 685 1201 divino
709 1125 905 1205 habuerint
933 1127 1058 1221 cultu,

9 1231 73 1303 tliis
94 1225 266 1318 relinquo
289 1223 558 1316 inquirendum.
899 1283 906 1304 ,

89 1337 262 1416 GENUS
287 1359 308 1415 a
332 1335 435 1422 Dzno
453 1335 603 1462 ssiaefidi
630 1337 795 1412 omnium
832 1336 953 1433 primo
988 1341 1060 1416 rite

8 1438 197 1515 iistinc'iurn
229 1433 303 1526 cst,
335 1435 372 1510 bt
403 1435 441 1512 in
476 1436 653 1513 Generibus
679 1439 891 1534 plorrarunr,
917 1437 1058 1515 edico.

8 1537 72 1615 No.
92 1536 180 1620 668'.
202 1533 441 1630 propofitum.

7 1748 106 1826 cut.
160 1747 388 1824 Perimebr'rrrrr
424 1743 682 1843 sexpartitum,
728 1748 940 1840 minimum,
986 1749 1060 1842 pia·
1126 1741 1134 1757 '

159 1866 270 2017 nilr'm:
305 1841 431 1940 soiioir's
450 1846 653 1939 rotundis,
689 1843 847 1940 obtuso,
875 1846 1060 1942 peristen·

161 1955 188 2018 tl
219 1965 273 2020 us.

6 2041 111 2118 COR.
159 2041 279 2118 Perna
301 2037 384 2133 sex,
409 2038 653 2134 subrotunda,
680 2051 877 2133 concava‚¹
895 2041 1061 2136 equalia,

8 2237 59 2312 ST
60 2237 150 2314 AM.
163 2159 345 2350 Piicffrnngnta
376 2233 567 2312 numerosa
591 2231 770 2332 (ducenta
795 2229 987 2329 circiter),
1019 2233 1062 2328 fi·

162 2334 344 2506 bionum,
379 2331 523 2409 corolla
554 2333 741 2410 breviora.
797 2335 954 2412 Amnem
984 2335 1063 2412 fim-

203 2453 289 2508 roes.

10 2527 114 2607 Pls‘l’.
162 2455 300 2606 gemm
324 2529 692 2628 globoso-trigonum.
733 2535 850 2629 stylus
863 2529 1062 2625 subulatna,
1125 2547 1129 2556 ’

163 2629 395 2725 longitudine
411 2628 616 2708 staminum.
659 2631 786 2726 Stigmo
803 2631 947 2725 triplex.

11 2725 107 2804 PER.
168 2729 307 2826 Capsuia
335 2727 522 2802 extribus
549 2727 669 2824 globis
691 2727 851 2821 coalita,
877 2727 1064 2807 trilocula·

163 2827 237 2915 ris,
262 2825 366 2919 apice
384 2824 560 2900 trifariam
581 2823 779 2900 dehiscens.

13 2921 115 3000 SEM.
166 2917 348 3013 solitaria,
372 2922 545 3019 globosa,
577 2922 769 2998 introrsum
787 2921 968 3018 angulata.

11 3019 61 3096 Est
94 3025 216 3118 itaque
241 3019 362 3094 frutex
388 3019 448 3094 hic
471 3043 493 3093 e
520 3015 634 3094 Ciaffe
657 3020 907 3114 Polyandrie,
933 3019 1065 3098 ordine

11 3119 267 3218 Monogyniae‚
301 3115 366 3194 suo
400 3139 421 3192 a
450 3119 600 3211 reliquia
628 3117 815 3194 distinetur
849 3116 1064 3196 Charatierc

12 3217 190 3293 Generico
213 3216 352 3312 Capsuia
369 3223 519 3294 tricocco.

98 3313 304 3391 SPECIES.
335 3313 426 3389 Non
443 3314 508 3388 nifi
525 3314 669 3389 unicam
680 3311 795 3390 'shce
812 3313 889 3388 dari
909 3313 1065 3406 speciem

12 3413 245 3490 communiter
272 3411 450 3486 creditum
478 3411 570 3502 init,
593 3413 692 3487 unde
715 3411 839 3486 omnia
866 3409 910 3484 ad
935 3425 1064 3506 potum

13 3511 272 3589 conficiendum
293 3508 564 3584 desumerentur
579 3509 689 3598 iolia3
708 3509 745 3584 in
759 3507 958 3602 Speciebus
972 3533 1064 3588 vero

11 3613 207 3704 plantarum
221 3605 311 3682 Drni
327 3606 509 3698 Preidis,
535 3607 615 3682 due
640 3606 721 3682 sunt
737 3612 894 3699 recepta
912 3608 1064 3704 specics,

17 3709 129 3784 Titum
157 3719 245 3802 puta
279 3707 416 3780 Bobeom
442 3707 477 3778 ἁ
501 3707 662 3792 uiritim,
689 3703 751 3778 irbi
785 3703 945 3780 invicem
971 3709 1064 3784 adeo

12 3807 148 3892 imilco,
164 3822 205 3878 ut
220 3825 290 3902 pro
306 3803 545 3878 varietatibus
559 3817 696 3878 tantum
718 3800 840 3877 aiinmi
852 3803 1005 3896 possent,
1016 3829 1064 3882 eo

12 3904 103 4000 quod
129 3900 202 3978 Tb.
234 3903 341 3976 Bobro
363 3901 510 3994 ovalia,
542 3897 616 3976 Tb.
642 3903 762 3977 uiridis
786 3915 908 3994 autern
933 3903 1065 3979 oblon-

962 4001 1065 4096 giora
