2724 4746
648 45 664 96 Ι

474 227 649 316 LEPRA.
1046 259 1093 336 97

25 415 267 520 Quapropter
296 409 405 490 sacris
424 413 568 490 Audior
592 415 676 504 sim,
700 427 744 491 ut
765 415 829 492 suo
854 417 977 510 quivis
1005 417 1093 494 loco

22 513 157 586 medici
189 513 358 586 morbum
383 515 429 588 de
455 513 601 611 integro
628 515 690 590 sub
715 532 867 590 examen
896 532 1093 610 revocent,

25 609 329 702 describentque,
372 633 447 706 quo
482 613 530 686 src
565 613 701 686 certius
743 614 829 706 quid
859 613 1093 706 obtineatur,

22 729 131 802 quam
167 707 270 800 quod
301 707 472 783 basianus
503 731 598 804 vago
628 709 713 784 ausu
744 711 981 786 commentati
1013 710 1096 786 sunt

24 805 223 880 nudiores.
277 805 346 879 Sed
369 827 416 880 ne
439 807 511 882 hoc
539 821 675 881 temere
695 807 849 883 omnino
868 807 1095 904 proposuisse

26 903 172 990 rideat,
205 925 312 994 quam
340 903 464 998 poffim
493 901 695 978 brevissime
716 903 859 982 ¹indicia
883 905 1094 998 exhibebo,

28 1021 103 1093 quae
120 997 299 1076 babienus
318 1001 356 1076 in
378 1003 481 1099 agria
503 999 696 1076 observare
716 1001 833 1078 licuit.

121 1239 167 1316 In
192 1239 358 1334 subsedia
383 1243 534 1316 anobis
556 1241 759 1320 observatis
785 1243 879 1322 intra
896 1243 1093 1322 Ostrobot·

31 1339 138 1430 uiam,
157 1335 346 1432 sequentia
367 1341 531 1435 inprimis
551 1339 652 1416 suere
669 1341 782 1436 signa:
815 1343 997 1436 Tubercula
1013 1365 1094 1418 mo·

33 1437 135 1528 bilia,
176 1436 403 1528 indolentia,
435 1437 553 1512 livido
580 1439 769 1530 rubentia,
813 1439 935 1516 solidis
958 1437 1092 1534 infixa,

33 1534 224 1628 presertim
245 1535 281 1607 in
299 1534 445 1625 fronte,
467 1537 593 1630 genis,
611 1537 768 1628 cubitis,
786 1537 1000 1628 semoribus,
1018 1561 1093 1614 ma·

32 1635 156 1720 nibus;
185 1649 223 1704 at
244 1632 747 1726 tuberculasubflavescentia
770 1635 830 1710 seu
852 1633 1027 1728 sublivida
1051 1637 1093 1714 ln

34 1751 118 1819 ore,
157 1733 307 1824 palato,
340 1729 526 1818 faucibus,
557 1731 592 1804 dc
623 1731 720 1806 circa
748 1733 879 1828 linguae
916 1734 1090 1810 radicem.

39 1829 154 1902 bireto
180 1849 287 1902 nares
307 1825 547 1922 depascentia.
605 1829 758 1904 Trnnures
775 1829 812 1906 in
838 1829 976 1906 ambitu
996 1831 1090 1906 auri·

31 1929 203 2000 cularum.
246 1925 353 1998 Lullia
368 1923 624 2000 crassescentia.
662 1927 766 2002 Pedes
782 1927 1091 2022 Mmusquavalde

33 2023 261 2098 inflammata
287 2020 322 2095 bc
349 2021 507 2100 tumidas.
573 2024 626 2098 At
643 2045 750 2098 xvero
788 2023 826 2098 in
851 2023 1091 2118 quibusdan,

32 2143 105 2194 non
122 2135 247 2194 autem
266 2121 304 2194 in
329 2121 521 2206 omnibus,
549 2121 672 2194 ulcera
688 2118 748 2195 seu
755 2115 881 2216 fiffuroe
901 2117 1010 2214 ipsam
1026 2143 1092 2196 cu·

32 2231 101 2292 tem
119 2216 372 2314 penetrantia,
395 2219 489 2308 lata,
511 2216 710 2312 serpentia,
728 2217 835 2292 labiis
854 2215 1001 2292 tumidis
1018 2221 1091 2292 cal·

33 2316 134 2406 lobs,
162 2315 262 2390 tastu
285 2313 373 2410 sape
394 2313 576 2406 cruentis,
601 2329 762 2390 ceterum
780 2313 993 2390 indolentia.
1044 2313 1091 2394 ln

36 2415 203 2487 omnibus
239 2427 423 2506 quotquot
455 2411 555 2504 vidi,
590 2411 850 2490 rubnculeseu
885 2413 960 2490 nodi
988 2411 1090 2490 sensu

35 2513 226 2604 carebant,
255 2508 313 2584 sed
335 2509 457 2586 vicina
473 2509 710 2608 pruriginosa.

492 2647 513 2736 §
578 2641 616 2714 V

121 2739 293 2819 Locus
326 2739 387 2814 ubi
417 2695 484 2814 hic
507 2693 676 2834 prasiasur
702 2703 851 2812 morbus
876 2733 1112 2830 endemice,

35 2843 125 2938 apud
164 2861 237 2916 nos
271 2837 487 2934 potissimum
519 2834 600 2910 sunt
633 2859 690 2910 ura
727 2839 890 2908 aurnum
919 2833 1089 2909 Rotbniae

36 2939 234 3016 orientalis
262 2937 297 3010 dc
321 2933 545 3023 Finlandie,
578 2943 686 3026 atque
714 2931 895 3026 precipue
929 2931 1089 3007 borealia

37 3037 222 3112 uelandiae
248 3031 544 3126 Gottlandiaeque
563 3031 690 3126 regio,
717 3029 882 3123 quamvis
906 3027 1001 3104 haud
1020 3029 1088 3105 dis·

34 3135 196 3212 fiteamur
212 3133 319 3206 etiam
339 3131 538 3206 nonnullos
564 3128 650 3202 alibi
672 3129 744 3200 hoc
765 3129 862 3200 malo
882 3123 985 3202 fuisse
1007 3147 1088 3200 cor·

34 3251 170 3329 reptos.
223 3229 368 3304 Intersit
388 3227 525 3302 scilicet
549 3241 634 3300 ante
662 3224 802 3318 aliquot
822 3223 954 3298 abhinc
972 3241 1092 3298 annos

35 3335 73 3406 ad
91 3329 314 3420 Elflnrleby
334 3325 476 3420 quidam
500 3325 598 3420 lepra
625 3319 799 3412 infestus,
827 3341 901 3414 quo
923 3337 1089 3411 mortuo,

36 3430 139 3504 etiam
158 3425 251 3500 alios
270 3425 307 3498 in
325 3417 491 3515 confinio
515 3417 668 3518 aggressa
694 3417 745 3492 est
769 3417 887 3492 morbi
914 3419 995 3506 vis,
1026 3417 1089 3512 qui

35 3529 74 3602 ad
98 3523 369 3602 Nosocomium
393 3517 605 3606 Hol‘miense
628 3515 815 3606 translati,
842 3513 944 3588 nullo
966 3529 1089 3592 tamen

35 3639 186 3720 potuere
229 3619 383 3714 negotio
422 3615 616 3692 emendari.
676 3611 744 3708 ipsi
777 3631 892 3704 nuper
928 3612 1088 3689 vidimus
1168 3636 1174 3648 ·

36 3723 143 3797 emori
166 3719 227 3793 hic
246 3716 401 3812 Upsaliae
427 3714 645 3808 Le'prosam,
671 3711 731 3786 cui
755 3709 844 3784 nibil
872 3731 947 3786 non
978 3712 1089 3786 etiam

34 3817 205 3894 sortiffimi
242 3816 427 3890 admotum
461 3812 512 3886 est
544 3807 815 3900 medicaminis,
855 3806 914 3881 sed
947 3807 1086 3882 srusira.

35 3917 73 3994 ln
95 3915 293 4012 Norvegia
322 3915 470 3992 morbus
493 3907 679 4008 vulgatior
707 3903 781 4000 est,
808 3927 915 4002 quam
937 3903 1015 3980 iric:
1040 3923 1088 3976 ne

85 4011 278 4092 Tamlfls.
595 4003 632 4080 G
841 4019 848 4036 ·
987 4021 1086 4075 corn·
