2770 4752
276 141 350 214 440
365 111 669 190 ntctssmas
682 111 883 188 ntston.
898 109 1093 187 aaaron.
1106 111 1289 191 aosstn.
1345 138 1346 163 ι

276 315 388 388 nyma
421 309 590 368 autorum
628 291 814 385 perspicua
835 290 951 381 fiunt,
987 311 1063 384 que
1093 291 1187 364 viam
1219 283 1310 368 mun·
1345 276 1346 285 Ν

277 392 392 466 strant
408 394 531 466 omnia
549 414 593 464 ea
616 389 881 483 cognoscendi,
912 409 990 481 quae
1017 388 1123 464 seculi
1148 388 1310 462 beneficio

279 489 498 576 innotuere;
525 491 620 562 unde
638 509 779 574 mores,
808 483 1048 576 oeconomia,
1071 488 1206 582 patria,
1224 486 1310 577 usus,

280 585 317 661 dt
338 598 406 658 cet.
434 609 550 660 rerum
578 585 793 660 naturalium
814 585 849 658 in
868 585 993 676 aprico
1010 599 1213 676 ponuntur;
1242 585 1310 674 vel,

279 685 306 759 st
330 684 509 775 objectum
536 685 697 760 naturale
717 683 814 775 prius
837 701 913 754 non
933 683 1093 776 cogitum
1117 681 1243 769 fuerit,
1274 681 1312 752 iu
1346 711 1347 790 p

280 779 527 872 systematicus
558 779 760 873 posteritati
792 778 883 852 istud
914 780 1103 866 enucleat,
1136 791 1177 850 ut
1207 777 1311 852 facilli·
1346 801 1347 864 l

281 898 341 952 me
380 879 513 968 ubique
550 882 583 950 dt
618 901 638 950 a
671 898 890 970 quocunque
923 874 1182 970 cognoscatur,
1221 877 1313 948 immo
1346 889 1347 892 ’

282 977 391 1048 etiam
408 976 568 1067 judicet,
593 997 666 1067 ope
682 976 849 1047 ordinum
865 973 1080 1048 naturalium
1100 973 1135 1046 dt
1157 971 1311 1060 affinium,

277 1072 324 1149 ,in
351 1094 456 1164 quem
489 1072 704 1166 potiffimum
732 1073 837 1144 cedat
863 1070 983 1158 usum,
1017 1092 1096 1163 quae
1129 1071 1256 1166 srngula
1279 1091 1311 1142 er

282 1169 480 1246 ratione&
503 1171 729 1262 experientia
752 1169 908 1240 deducit.
961 1167 1049 1240 Haec
1069 1168 1228 1241 omniasr
1252 1167 1312 1260 quir
1346 1189 1347 1200 ¹

283 1285 429 1342 maturo
446 1269 645 1362 perpendat
665 1266 852 1354 examine,
878 1265 984 1338 facile
1004 1266 1092 1338 mihi
1115 1264 1234 1354 dabit,
1254 1263 1311 1338 nul·

283 1367 355 1460 lam
387 1366 454 1439 hac
483 1365 668 1457 disciplina
697 1365 770 1436 dari
796 1364 1031 1454 ampliorem,
1070 1365 1224 1452 nullam,
1254 1379 1312 1454 qut
1346 1357 1347 1442 Ῐ

281 1463 460 1551 majorem
482 1461 699 1549 utilitatem,
724 1461 748 1534 li
769 1459 865 1533 recte
888 1460 1132 1554 intelligatur,
1165 1461 1312 1553 spondere

163 1606 166 1615 ·
284 1557 391 1651 pellit
417 1558 541 1652 generi
566 1553 747 1647 hurdano,
782 1558 892 1630 immo
922 1557 1139 1646 canullan,
1169 1579 1260 1650 quae,
1285 1569 1313 1624 ut

284 1652 339 1726 ita
363 1655 501 1747 dicam,
531 1655 750 1744 naturalior,
784 1653 821 1728 h.
840 1677 872 1728 e.
904 1654 1016 1751 magia
1040 1654 1192 1750 propria
1212 1655 1250 1729 fit
1265 1653 1312 1727 ln

286 1753 456 1828 minibus.
929 1754 932 1759 ’

739 1855 773 1942 §.
822 1847 890 1922 Ill.

384 1944 544 2020 Scientia
569 1945 644 2020 hec
669 1945 941 2041 elegantiffima,
977 1943 1047 2018 rite
1078 1945 1199 2018 excoli
1232 1951 1313 2014 antea

288 2063 365 2118 non
391 2041 550 2136 incepit,
579 2059 686 2136 atque
704 2044 801 2118 suum
817 2044 994 2138 attingere
1015 2065 1207 2132 cacumen,
1232 2057 1312 2132 quan

280 2140 411 2213 -seculo
438 2139 621 2231 prasenti,
651 2141 685 2212 dt
708 2143 892 2236 postquam
923 2141 957 2235 J.
977 2140 1026 2214 D.
1044 2141 1174 2216 Praeses
1190 2139 1221 2212 ei
1241 2137 1312 2209 suan
1346 2137 1347 2212 i

290 2236 430 2308 dicavit
456 2259 614 2326 operam.
675 2238 792 2328 Huic,
830 2239 947 2311 sinon
981 2260 1132 2326 omnes,
1169 2235 1311 2332 plurimos
1346 2239 1347 2258 *

283 2347 412 2406 tamen
440 2349 560 2408 certos
578 2335 611 2406 dt
631 2334 807 2408 stabilitos
829 2336 1005 2408 terminos
1025 2339 1136 2426 artis,
1161 2353 1257 2426 atque
1278 2333 1310 2400 le
1346 2377 1347 2390 i

292 2452 355 2526 ges
373 2427 569 2521 systematis
590 2432 698 2504 debet
715 2432 814 2504 orbis
840 2433 1012 2504 eruditus.
1060 2433 1124 2505 Ab
1148 2455 1192 2504 co
1214 2445 1310 2503 omncs

282 2549 351 2602 res
373 2529 551 2600 naturales
570 2529 607 2602 in
626 2527 783 2602 debitum
806 2528 954 2602 retacta
970 2528 1049 2602 sunt
1066 2529 1246 2615 ordinem,
1266 2543 1309 2594 tu·

294 2645 365 2717 que
388 2623 479 2700 duce
504 2625 554 2698 ita
581 2627 617 2699 in
645 2626 721 2700 dies
751 2627 904 2720 plurium
933 2626 1108 2700 indefello
1133 2627 1247 2699 labore
1269 2639 1310 2690 au·

296 2722 372 2810 da,
405 2724 606 2815 perpolita,
642 2745 809 2813 amtena,
833 2739 940 2814 atque
961 2723 1074 2796 usibus
1099 2721 1254 2797 humanis
1272 2735 1309 2786 ac

296 2820 524 2891 commodata
543 2820 614 2912 est,
640 2835 681 2893 ut
700 2822 744 2892 de
762 2841 822 2910 ea,
850 2820 1030 2895 neminem
1048 2821 1199 2894 ulterius
1218 2813 1310 2890 audire

297 2915 406 2990 nobis
426 2917 586 3006 licuerit,
612 2921 823 2992 clamantem
846 2939 926 2994 cum
948 2917 1079 2992 Pocta:

395 3015 545 3085 Studium
568 3020 644 3109 qnid
667 3021 780 3088 intltile
805 3013 948 3108 queris?

299 3106 357 3181 sed
375 3130 501 3181 omnes
522 3115 644 3202 potius
665 3112 739 3200 illi,
773 3113 902 3204 quibus
933 3134 979 3184 ex
1006 3110 1148 3184 meliori
1174 3110 1245 3182 luto
1268 3098 1312 3174 Ti·

298 3217 360 3279 tan
386 3210 583 3298 praecordia
601 3207 725 3298 linxit,
752 3229 830 3281 eam
848 3210 884 3280 in
906 3208 1045 3282 deliciis
1070 3209 1241 3294 habeant,
1263 3219 1311 3270 affl·

298 3303 522 3396 plectantur,
555 3306 836 3398 cognoscentes,
862 3307 1057 3380 hominem·
1073 3306 1147 3380 fine
1170 3313 1312 3402 nature

301 3399 515 3493 cognitione
541 3399 632 3490 elle,
670 3403 761 3493 quast
794 3403 1085 3496 patremfamilias
1109 3403 1259 3497 ignarum
1278 3391 1311 3462 sul

298 3496 401 3572 boni.
454 3498 690 3597 Quantopere
708 3499 803 3572 illam
832 3503 941 3574 etiam
967 3502 1132 3574 adament
1152 3490 1311 3571 hodieln
1346 3533 1347 3546 κ

300 3605 467 3684 perantes
485 3595 640 3686 Europe
658 3595 918 3690 Augustillrmi,
951 3601 1009 3670 vel
1031 3597 1111 3669 aliis
1129 3598 1197 3688 jam
1214 3585 1309 3668 milla

237 3693 240 3698 '
299 3688 521 3762 documento
545 3691 612 3766 elle
636 3709 811 3786 poterunt
838 3695 1073 3768 collectiones
1099 3713 1213 3766 rerum
1239 3699 1310 3760 natu·
1346 3729 1347 3736 κ

297 3785 448 3881 talium,
480 3810 566 3882 quas
595 3789 665 3866 suis
695 3793 847 3868 cimeliis
877 3794 999 3890 finguli
1029 3793 1105 3868 lere
1136 3791 1310 3951 adjunggpel:
