2724 4746
453 257 630 338 LEPRA.
1028 287 1076 362 99

28 445 175 532 Suouges
208 441 232 510 l.
256 461 285 512 c.
316 451 352 541 p.
369 457 453 532 459.
515 431 562 530 4)
590 437 680 514 Huc
717 459 811 516 vero
843 443 923 516 tria·
945 443 1076 540 Leptae

24 557 163 634 genera,
197 535 431 632 AEgypcimun
457 549 566 630 puta,
596 537 744 614 Indicam
768 537 803 613 dt
824 541 1076 630 Anaeticannn,

24 653 125 710 urum
158 633 259 708 inter
289 633 324 708 se
356 647 420 709 aut
443 653 525 708 cum
548 633 671 710 nostra
701 657 747 710 ex
769 636 838 712 alie
861 639 1077 718 coincidunt

24 737 71 806 vel
94 729 222 821 secus,
250 731 314 806 vix
331 731 519 826 quitquam
537 731 620 806 satis
639 731 850 827 affirmabit,
878 750 1078 832 antequam

22 829 213 905 accuratius
247 828 386 904 fuerint
417 827 557 904 excull'a
586 845 695 924 atque
728 830 925 928 descripta,
960 835 994 910 dt
1027 859 1076 916 ne

22 931 57 1002 lic
81 927 231 1022 quidem
258 925 324 1000 nist
352 925 416 1000 uni
447 925 509 1000 illa
536 928 760 1022 eodemque,
794 929 831 1006 in
861 933 1076 1029 regionibus

23 1027 101 1100 hisce
135 1023 274 1098 summe
306 1021 449 1113 dissitis,
483 1023 583 1098 fimul
619 1023 752 1101 intueri
779 1026 948 1118 licuerit,
974 1031 1077 1123 quod

23 1137 136 1220 optatu
155 1125 315 1198 omnino
337 1141 442 1215 quam
463 1123 618 1196 obtentu
635 1123 790 1198 facilius.
839 1124 901 1200 Est
918 1147 1077 1222 namque

22 1221 155 1295 morbus
186 1219 250 1332 hic
272 1219 537 1314 polymorphuc
559 1221 652 1332 adeo
677 1232 717 1295 ut
740 1221 831 1332 nih‘d
858 1224 1077 1338 variantiua,

23 1334 141 1490 letti
154 1337 339 1488 ‘'albeli‘'
358 1319 920 1518 tctzccllzctltnltlt
934 1321 1078 1514 llll:

23 1535 132 1606 pamm
153 1511 324 1600 constat,
352 1511 472 1586 morbi
498 1511 650 1602 formis,
676 1513 772 1590 illam
805 1515 963 1592 nostrum
996 1529 1077 1592 tao·

23 1611 218 1784 {ammodob
227 1607 512 1724 considerationi
535 1608 765 1707 subjicimus,
790 1635 870 1710 que
890 1615 987 1710 apud
1008 1635 1076 1692 no·

81 1725 133 1784 ter
164 1730 193 1782 o
220 1719 329 1782 tinet.

465 1833 499 1924 §.
550 1827 621 1909 Vl.

106 1937 317 2024 CAUSSA.
368 1945 474 2022 Nihil
492 1945 674 2022 difficilius
699 1947 801 2042 juxta
824 1969 867 2024 ac
881 1953 994 2050 magis
1012 1975 1077 2032 ne·

23 2047 223 2136 omnum,
253 2065 357 2138 quam
391 2047 605 2118 morborum
640 2046 678 2120 ln
710 2045 844 2120 caussas
870 2049 1077 2148 inquirere,

22 2149 169 2220 maxime
197 2141 298 2236 quod
321 2163 404 2216 raro
427 2145 560 2216 malum
584 2143 745 2229 tollitur,
770 2129 835 2216 nist
857 2146 973 2220 caussa
1000 2147 1080 2222 sub·

21 2245 106 2335 lata,
136 2259 251 2336 atque
281 2255 357 2314 arte
394 2239 486 2314 nihil
520 2237 738 2335 proficitur,
768 2238 851 2316 dum
886 2240 1081 2322 instillatur

21 2343 218 2418 clanculum
238 2337 356 2410 morbi
376 2335 545 2411 materies
564 2357 689 2411 errore
709 2336 836 2412 diaetae.
882 2337 1080 2418 Credidere

20 2457 159 2514 veteres
183 2461 310 2510 curnem
331 2433 506 2529 Afincrccm
523 2433 685 2510 ferorum
703 2434 898 2510 comestam
924 2437 962 2514 ln
979 2439 1080 2514 Afri·

20 2560 56 2612 ta
80 2537 255 2611 morbum
286 2533 384 2606 bunc
415 2533 596 2606 excitare:
630 2554 699 2626 pro
727 2554 797 2625 qua
817 2533 967 2610 Asmira
1002 2559 1081 2613 car·

18 2657 60 2708 ne
81 2633 299 2708 substituere
331 2629 389 2704 alii
419 2630 528 2716 alias,
558 2641 600 2702 ut
631 2629 789 2724 suillam,
828 2648 890 2706 aut
913 2634 1081 2711 animalis

19 2735 194 2824 cujusque
222 2729 341 2803 scabie
373 2749 415 2802 ac
446 2727 577 2800 morbo
606 2727 740 2802 insetli.
792 2729 889 2804 Duil.
917 2733 1081 2828 Spiring,

17 2830 241 2904 ilboenfium
265 2826 349 2902 dum
377 2825 473 2898 vixit
489 2823 685 2898 Medicina
707 2823 888 2900 Professor
910 2826 1082 2903 Celeber-

17 2931 150 3018 rimos,
179 2927 279 3020 qood
315 2927 352 2998 in
377 2923 544 2997 Bothniae
568 2920 769 2996 orientalis
786 2924 977 3000 maritimis
1004 2926 1082 3002 oria

20 3031 202 3120 precipue
226 3022 385 3098 obvenit
409 3021 540 3094 malum
561 3019 657 3108 hoc,
681 3015 754 3093 esui
780 3021 868 3096 illud
901 3023 1084 3100 Phocarum

21 3125 211 3213 attribuit,
242 3122 350 3214 idque
368 3139 446 3194 non
474 3118 547 3192 stne
569 3137 697 3212 magna
720 3119 799 3192 veri
831 3117 972 3214 specie,
999 3143 1085 3198 cum

19 3221 245 3311 Phocarum,
269 3239 358 3314 quta
383 3227 589 3306 venantur,
615 3215 785 3292 carnibus
807 3217 938 3292 incola
954 3218 1083 3314 sepina

539 3313 619 3386 Gn
979 3311 1092 3392 visti.

20 3508 53 3574 ⁴>
79 3484 478 3634 occulunt
686 3479 1087 3632 acccurati-

120 3591 235 3728 msc,
256 3587 390 3714 liviffrsan
415 3635 591 3714 Tubercula
620 3609 695 3740 dura
716 3643 901 3738 indolentia,
932 3645 998 3710 sere
1016 3587 1089 3714 σε(

121 3732 224 3798 orob.
261 3731 406 3827 Coryna,
439 3725 503 3791 nasr
529 3725 616 3788 radin
642 3719 800 3788 cncrall'ata
828 3725 952 3790 carrusa.
993 3729 1089 3794 Labie

123 3812 232 3878 mlle.
273 3811 352 3876 Cilca
383 3807 417 3873 dc
437 3809 485 3891 pel
526 3807 591 3870 brae
618 3803 747 3868 elevata.
786 3803 895 3870 Facies
918 3807 951 3870 in
972 3807 1090 3876 larvam

124 3895 287 3961 horridam
309 3903 436 3955 mutata.
488 3825 670 4032 belgicorum
695 3883 863 3972 phalanges
885 3887 1089 3952 intumescen-

123 3989 197 4052 tea,
220 3971 333 4038 macies
354 3971 480 4036 summa.
554 3981 618 4032 utra
640 3965 793 4030 maculosa
810 3967 935 4032 nodosa.
954 3969 1091 4039 .Ulcece

126 4053 342 4140 eopiolill'rmc.
382 4051 568 4135 Agrypnia,
584 4047 710 4114 demum
730 4066 818 4114 mora
837 4047 954 4114 misera.
