2688 4752
244 218 311 301 148
373 193 755 280 FUNDAMENTA
791 192 1213 272 ENTOMOLOGIAE.

243 381 443 463 frustranea
468 373 658 472 &Opulo
710 377 800 450 Haec
816 389 944 450 neutra
968 376 1019 449 ibi
1041 389 1183 451 tantum
1208 399 1321 470 repe·

242 486 411 570 ciuntur,
438 477 498 551 ubi
517 475 726 552 oeconomia
754 476 951 568 apluribus
973 474 1124 568 juntlim
1145 473 1196 549 est
1213 475 1321 549 ordi-

243 594 351 671 nata,
376 577 482 650 velut
499 576 595 648 inter
614 573 739 669 Apes,
766 572 960 666 Vespas&
984 572 1013 647 F
1016 575 1184 648 ormicas.
1239 575 1322 646 Hic

244 679 344 754 enim
370 672 548 771 spadones
579 671 760 766 ejusmodi
796 669 877 745 veri
907 670 988 745 sunt
1018 671 1147 762 Servi,
1180 672 1323 766 quibus

244 778 371 852 omnia
396 771 614 846 incumbunt
633 771 784 866 negotia
813 769 1066 859 oeconomica,
1100 770 1183 844 dum
1210 786 1324 864 pater

245 898 289 951 ac
321 885 437 948 mater
464 869 597 960 otiosa,
629 869 773 942 familiae
803 867 1045 963 propaganda
1075 890 1222 960 operam
1250 869 1336 942 im:

243 972 424 1070 pendunt.
482 966 615 1065 Apibus
639 969 749 1042 unica
781 966 833 1041 est
857 965 995 1040 femina
1020 964 1181 1062 (Regina
1205 987 1325 1062 apum

245 1062 384 1162 dicta),
408 1067 512 1142 multi
528 1065 674 1157 Mares,
699 1066 734 1139 δι
755 1065 943 1138 innumera
964 1064 1042 1139 fere
1060 1063 1213 1143 Neutra.
1255 1064 1323 1138 In-

245 1181 303 1245 ter
319 1169 411 1258 haec,
437 1166 595 1256 Neutra,
621 1163 800 1261 (quorum
815 1176 983 1236 antennae
997 1163 1166 1236 undecim
1179 1165 1325 1238 habent

245 1258 446 1356 articulos)
460 1263 647 1338 laboribus
662 1263 826 1352 intenta,
851 1282 971 1335 ceram
985 1261 1019 1334 ἂ
1032 1262 1139 1334 mella
1152 1262 1323 1351 trahunt,

245 1363 443 1454 aedificant,
462 1360 635 1436 excubias
650 1375 775 1456 agunt,
794 1359 1018 1452 &quaesunt
1035 1361 1150 1454 plura.
1174 1360 1323 1450 Mares,

246 1484 405 1560 quorum
431 1473 599 1533 antennae
617 1458 825 1550 quindecim
853 1457 1017 1532 articulis
1042 1457 1232 1547 constant,
1259 1457 1323 1532 ni·

245 1546 301 1638 lul
328 1557 526 1653 suscipiunt
560 1556 718 1644 laboris,
757 1556 816 1628 sed
848 1556 994 1630 femine
1034 1555 1162 1648 semel,
1204 1556 1324 1649 idque

247 1681 332 1736 cum
357 1655 493 1752 jattura
514 1653 624 1744 vitae,
655 1652 877 1742 inserviunt3
914 1655 1037 1729 Mares
1062 1655 1143 1728 heic
1168 1651 1325 1728 soccubi

247 1755 352 1846 sunt,
388 1755 494 1828 velut
519 1752 559 1826 in
581 1750 707 1828 Pulice
731 1751 986 1844 observamus,
1018 1751 1201 1846 iidemque
1233 1751 1325 1848 post

246 1852 396 1950 nuptias
410 1852 643 1947 expelluntur
659 1848 806 1924 aservis
823 1852 984 1941 neutris,
1009 1873 1087 1946 quae
1105 1854 1177 1945 jam
1190 1854 1325 1948 jugum

249 1953 464 2041 excutiunt,
491 1950 597 2024 matri
623 1962 746 2024 tamen
768 1948 835 2023 suae
855 1949 1041 2024 communi
1063 1971 1208 2024 omnem
1227 1974 1323 2046 prae·

247 2051 345 2128 stant
358 2049 615 2124 reverentiam.
655 2047 699 2122 In
722 2049 835 2145 Vesplr
852 2047 946 2121 idem
961 2047 1038 2121 fere
1057 2049 1225 2140 obtinet,
1250 2049 1324 2124 ubi

248 2149 410 2228 Feminae
449 2147 615 2241 juniores
656 2147 719 2220 sub
759 2160 969 2220 autumnum
1010 2146 1322 2243 impregnantur,

248 2262 365 2326 mater
388 2246 509 2320 senior
531 2245 566 2316 &
587 2265 716 2317 omnes
740 2265 856 2318 mares
877 2267 942 2338 per
963 2245 1132 2338 hyemem
1154 2248 1325 2324 moriun-

249 2358 331 2434 tur,
355 2344 500 2418 feminae
518 2361 609 2414 vero
625 2341 814 2434 juniores,
839 2365 956 2436 nuper
973 2345 1239 2441 impregnata,
1262 2346 1325 2421 su·

248 2441 398 2541 perfunt
416 2439 451 2510 &
466 2459 556 2512 vere
575 2439 748 2532 proximo
767 2439 939 2516 familiam
957 2457 1173 2539 propagant.

346 2539 504 2614 Fonuicce
518 2551 656 2612 neutrae
674 2559 847 2613 acervum
866 2539 1083 2616 construunt
1100 2542 1137 2617 in
1158 2542 1325 2620 formam

249 2638 363 2729 coni,
397 2649 440 2711 ut
467 2656 560 2731 aqua
585 2635 741 2728 defluat,
781 2637 956 2732 &pupas
989 2657 1138 2734 aparte
1170 2641 1325 2714 australi

248 2740 465 2833 deponunt,
507 2756 554 2808 ne
580 2733 690 2809 radiis
724 2733 900 2809 solaribus
933 2736 1140 2812 immediate
1170 2739 1323 2814 subsunt.

249 2837 347 2916 Heic
365 2838 476 2930 longa
503 2829 741 2908 instituuntur
767 2835 997 2927 habitacula,
1027 2839 1185 2911 maribus
1208 2838 1243 2910 u
1266 2839 1326 2912 fe·

249 2934 360 3010 minis
388 2931 587 3022 destinata,
614 2933 744 3026 quibus
765 2951 895 3007 neutra
921 2935 1044 3010 omnia
1064 2935 1234 3029 prestant
1251 2940 1327 3009 ob·

250 3031 394 3124 sequia,
420 3030 542 3103 donec
561 3027 645 3123 post
671 3031 817 3125 nuptias
841 3054 881 3105 ac
897 3049 1060 3126 partum,
1084 3055 1129 3107 ex
1147 3055 1231 3108 arce
1253 3036 1328 3110 Pa·

250 3143 325 3206 tres
345 3130 559 3221 Matresque
578 3126 790 3207 disturbant.
844 3130 1022 3206 Formica
1049 3149 1167 3206 autem
1194 3133 1326 3228 caespi·

250 3243 329 3308 tum
354 3227 482 3302 melius
508 3224 571 3300 fibi
595 3227 841 3321 prospiciunt:
879 3227 941 3304 sub
967 3232 1113 3323 nuptias
1140 3231 1238 3305 enim
1269 3233 1326 3306 se·

251 3327 332 3401 dem
350 3325 479 3422 sponte
495 3323 685 3413 deserunt,
712 3326 745 3398 ἃ
763 3329 930 3400 examine
947 3327 1057 3402 instar
1074 3353 1180 3423 apum
1194 3330 1328 3422 fauo,

251 3427 291 3499 in
308 3431 391 3500 aire
408 3425 628 3516 copulantur
650 3423 683 3498 δι
704 3426 767 3498 suo
787 3447 937 3520 queque
957 3428 1046 3500 loco
1070 3449 1205 3502 novam
1226 3450 1327 3506 con·

118 3545 120 3552 ’
252 3522 345 3599 dunt
365 3522 551 3598 familiam.

350 3617 651 3712 Hermaphroditi
680 3619 717 3693 in
747 3617 893 3695 Inlcclis
923 3595 1086 3697 nondum
1118 3621 1326 3700 observati.

251 3717 398 3816 Aphidas
417 3717 561 3811 quidem
580 3717 624 3790 ad
643 3719 803 3809 quintam
822 3722 1034 3816 progeniem
1052 3743 1165 3816 genus
1182 3742 1328 3814 propa·

252 3831 353 3915 gant,
373 3815 430 3888 sed
449 3815 573 3909 postea
591 3829 711 3888 tamen
729 3820 861 3910 copula
881 3823 1077 3912 repetenda
1095 3819 1166 3892 est:
1191 3818 1240 3890 src
1261 3823 1328 3896 vis

250 3913 421 4016 genitalis
441 3915 479 3988 in
498 3912 706 4008 Aphidibus
725 3915 768 3989 ad
787 3918 946 4011 quintam
969 3919 1067 3992 valet
1086 3917 1326 4090 progenipdm.

1292 4039 1330 4092 a.
