2786 4938
363 159 505 238 cuna
528 159 830 246 eruturus,
1051 169 1120 272 un

57 339 161 436 qrrod
176 339 342 437 opposita
360 339 504 434 prorsut
521 343 801 441 mutuatione,
819 363 861 416 ae
877 335 1026 432 visc'osa,
1044 363 1123 438 quat

55 437 182 514 vester
210 439 374 514 sordibus
396 440 586 530 insieiunt3
621 442 670 516 sal
696 443 733 516 in
758 441 871 514 ocuso
896 439 1004 514 instar
1028 443 1122 539 ignit

56 539 270 628 comburit,
297 536 535 634 abstergendo
557 561 724 632 murum,
748 559 824 633 quo
841 539 880 614 in
905 537 987 612 casu
1009 541 1122 616 muci·

54 637 200 734 saginet
222 635 365 750 egregie
388 636 421 710 se
446 651 588 736 gerunt.
683 725 685 729 ‚

501 835 535 928 §.
586 829 688 910 XIV.

158 931 282 1026 Atque
297 927 366 1022 sic,
392 928 437 1004 ad
462 929 609 1008 modurn
634 925 809 1020 theoriae,
843 945 950 1024 quem
978 923 1147 1010 Νοτιιταἱ

54 1031 193 1128 lingue
215 1025 346 1104 nostre
362 1027 544 1124 impreffit,
562 1029 770 1124 simpliciter
786 1028 1013 1104 lustravimus
1031 1031 1120 1123 uim,

55 1143 134 1222 qua
163 1123 306 1220 suports
325 1127 507 1220 quinque,
531 1148 612 1202 eum
640 1129 794 1202 totidem
828 1127 896 1202 saris
921 1129 1121 1222 uppofitis,

56 1239 174 1322 agunt
200 1227 238 1300 in
257 1223 425 1318 corporis
447 1224 562 1298 nostri
587 1223 751 1302 fluida&
767 1223 893 1302 solide.
953 1225 1121 1300 Neceffdr

54 1327 154 1400 rium
174 1341 267 1396 aero
283 1319 362 1412 est,
383 1321 405 1396 sr
425 1323 617 1416 genuinam
646 1324 800 1398 velimus
825 1323 993 1398 obtinere
1021 1321 1121 1400 The·
1250 1347 1253 1356 ’

55 1421 220 1518 rapiam,
247 1431 288 1494 ut
314 1441 482 1495 enormes
509 1421 668 1496 excessus
692 1421 878 1498 Dsaetetici
906 1421 1121 1498 assumantur

56 1540 132 1614 pro
158 1513 291 1593 causis.
314 1519 549 1610 morborum,
583 1535 696 1612 utque
729 1519 939 1596 simplicium
966 1520 1120 1594 medica·

55 1630 268 1692 mentorum
300 1615 486 1706 essiones,
521 1615 712 1692 seeundum
740 1589 898 1712 ipsorum
931 1618 1122 1718 qualitater

60 1713 219 1811 sapidae,
234 1715 272 1788 in
290 1715 455 1790 ordinem
467 1713 689 1810 redigantur,
712 1719 906 1809 edomites
924 1715 1124 1809 patescant,

59 1814 195 1906 quibua
222 1811 312 1886 vitia
337 1809 531 1886 Diaetetiea
553 1811 763 1888 debellanda
784 1811 875 1890 sunt.
934 1813 1123 1890 Medicina

57 1911 123 1986 est·
138 1907 292 2004 duplex:
319 1909 525 2007 Empirirr'n,
554 1931 631 2004 que
659 1909 853 1989 secundum
892 1909 990 1986 usum
1021 1927 1122 1986 rece·

57 2025 174 2104 ptum·
199 2009 336 2088 morbis
374 2007 562 2096 mederum
611 2011 714 2103 eujus
748 2009 952 2101 exemplum
984 2005 1123 2102 prebet

59 2108 202 2182 Cortex
224 2103 351 2180 Chinae
373 2107 411 2180 in
437 2105 590 2199 febrium
617 2108 934 2180 intermittendum
963 2105 1121 2180 curatio·

57 2203 232 2294 nadad,
258 2205 321 2300 qui
354 2205 453 2278 ultra.
474 2203 567 2278 hand
592 2225 669 2278 non
696 2203 807 2296 sapit,
840 2201 1019 2298 sepissime
1044 2203 1122 2278 nni·

57 2319 159 2378 mum
199 2301 421 2397 despondet,
463 2301 608 2394 quando
645 2297 850 2396 speeifreum
881 2301 1014 2396 speciei
1059 2301 1123 2395 ipst

57 2423 138 2476 non
154 2397 323 2494 suppetit.
373 2401 498 2476 Astera
517 2399 569 2473 est
585 2399 801 2492 Drgmutr‘ru,
838 2400 913 2474 five
946 2399 1122 2476 Ratione·

56 2500 127 2588 lis,
155 2517 226 2591 qur
250 2495 441 2574 instrutius
466 2495 560 2572 suem
586 2497 760 2574 Medicus
785 2497 977 2574 ostendere
1002 2495 1123 2592 potest

58 2597 253 2691 peritiam,
277 2595 366 2670 lieet
388 2595 557 2670 morbum
577 2617 654 2670 non
676 2609 782 2670 antee
801 2597 958 2684 viderit,
985 2617 1054 2668 nec
1077 2593 1123 2670 ab

60 2693 370 2770 Observatoribur
381 2693 596 2785 descriptum
614 2693 817 2780 invenerim
837 2691 1123 2788 concludenter

57 2789 247 2868 indicante
275 2793 318 2864 ad
345 2790 565 2882 indicatum,
592 2790 725 2865 morbo
751 2789 949 2866 sesiciffime
970 2788 1124 2864 obuiam

56 2892 100 2964 it.
155 2890 324 2964 Medicus
342 2887 551 2962 Rationalis
571 2887 779 2982 palmarium
800 2889 861 2963 sabi
880 2885 1038 2962 officium
1059 2887 1123 2960 du·

57 2990 148 3076 eit,-
160 2987 358 3062 indicantia
380 2985 492 3060 soiide
508 2983 746 3080 pernoscere,
768 3008 923 3079 quorum
938 2985 1122 3080 cognitio·

55 3106 152 3164 netu
171 3086 238 3160 sibi
258 3084 435 3178 acquirit,
462 3081 609 3177 quando
636 3083 729 3157 vitia
753 3084 948 3158 Diaetetiea
975 3101 1118 3176 compre

54 3199 187 3259 rantur
211 3204 293 3258 cum
317 3197 453 3256 nature
480 3180 690 3272 effetiibus,
728 3203 819 3274 quos
849 3180 965 3256 sensus
992 3179 1122 3255 submi·

55 3281 235 3371 nistrant,
266 3281 365 3376 quod
395 3277 595 3356 solidissime
621 3283 824 3375 proniore
855 3280 919 3355 suo
953 3277 1123 3372 exposuit

55 3369 212 3454 illustria
242 3377 362 3452 Dnur.
396 3377 527 3454 Proser
552 3379 590 3452 in
627 3373 747 3451 Clave
777 3376 956 3452 Medicin.
979 3397 1031 3470 .p.
1061 3383 1118 3450 r'o.

55 3481 108 3552 V.
136 3495 198 3573 gu
231 3475 266 3548 Si
301 3475 534 3550 excretionee
567 3475 688 3550 nirniae
720 3475 943 3550 reddiderint
975 3479 1119 3550 turum

55 3576 155 3648 adeo
176 3573 314 3672 irienses,
346 3573 380 3647 u
395 3569 502 3675 fibras
533 3575 699 3660 umidas,
730 3587 774 3646 ut
802 3574 887 3650 inde
915 3572 1121 3646 Matremne

55 3674 119 3746 vei
142 3671 326 3764 Atrophia
349 3686 430 3745 orta
456 3665 541 3761 fitp·
557 3667 595 3744 iri
625 3673 851 3746 memoriam.
868 3668 985 3744 statim
1013 3691 1121 3743 reru·

54 3791 142 3846 care
167 3771 361 3860 debemur,
393 3767 497 3840 edod.
512 3767 647 3864 Aqurffn
664 3769 741 3844 ‘slnt
763 3767 938 3845 diluntia
965 3767 1120 3842 densa&
1212 3791 1215 3800 ·

54 3867 302 3946 hunettantir
322 3863 474 3958 torridi,
498 3865 595 3942 unde
607 3885 730 3960 prono
750 3867 832 3944 fluit
851 3865 1119 4037 ssveo'mffi

1176 273 1184 294 ἢ
