2640 4744
268 175 341 278 aaa
588 133 836 268 alannum
868 171 1005 248 usus.

265 354 342 444 est,
373 361 504 446 utpote
526 372 631 447 quem
654 359 879 427 amaricantem
901 351 1032 438 habet,
1058 349 1118 426 sed
1135 305 1304 426 {cariorem

264 453 393 550 paulo,
409 451 442 524 dt
458 449 590 523 caloris
608 451 645 522 in
664 453 786 546 lingua
804 449 939 525 sensum
956 453 1197 538 excitantem
1216 451 1304 524 odore

260 551 421 628 multum
443 551 580 642 pollet,
607 550 666 642 qui
690 549 1110 624 admodumvoletilis&
1131 549 1259 644 gravis,
1283 552 1304 621 ir

267 647 419 743 systema
437 647 605 738 corporis
623 645 831 738 nervosum,
856 663 896 722 ut
909 667 1131 740 magnopere
1149 661 1247 746 agat,
1263 669 1304 719 ne·

267 743 360 821 cesse
376 745 448 834 est,
470 744 659 837 eidemque
675 745 713 819 in
731 767 771 818 re
790 746 929 820 medica
947 742 1193 818 honorificum
1211 745 1304 816 locun

267 843 496 919 conciliavit.
553 843 703 938 Piperita
726 843 761 915 in
784 865 831 916 eo
858 845 1049 938 prepollet
1071 845 1216 938 Crispa,
1233 841 1304 934 quod

266 945 428 1038 linguam
456 939 490 1013 da
514 941 681 1040 mordeat
707 942 820 1036 magis
849 941 882 1015 dr
907 941 1102 1028 incendat,
1138 941 1193 1012 sed
1222 942 1304 1033 paulo

259 1039 351 1136 'post
374 1039 599 1135 frigidiorem
622 1039 798 1132 quendam
819 1037 850 1110 da
872 1039 933 1112 fibi
957 1041 1171 1133 proprium,
1197 1037 1303 1112 srCaa·

259 1135 263 1142 ’
291 1145 399 1216 doram
430 1137 640 1232 &Samgam
672 1137 882 1230 exceperis,
908 1136 1043 1210 sensum
1071 1139 1217 1212 excitet.
1271 1134 1304 1206 Et

261 1157 356 1312 ssiae
386 1234 530 1330 quidem
556 1235 738 1329 praecipue
761 1255 833 1328 prae
853 1233 975 1328 Crispa
996 1236 1127 1330 Anglis
1151 1233 1302 1308 adamatur

260 1336 450 1428 ‘Piperita3
475 1353 544 1408 nec
565 1333 602 1405 id
626 1333 833 1422 immerito,
859 1333 882 1407 ir
903 1333 1098 1408 secundum
1125 1333 1303 1426 qualitatem

268 1434 425 1522 sapidam
447 1429 635 1524 spedietur.
697 1433 820 1533 Quum
845 1449 938 1504 vero
965 1432 1002 1505 in
1029 1431 1134 1504 olido
1154 1427 1302 1524 precipue

268 1534 349 1700 gius
373 1533 431 1606 vis
457 1527 520 1622 fit,
547 1549 605 1604 ree
632 1527 819 1605 ulterioris
844 1529 961 1604 adhuc
982 1527 1165 1626 indaginis
1188 1525 1248 1601 elle
1264 1523 1302 1596 ri·

295 1644 386 1707 etur.
838 1639 841 1650 '
1159 1700 1169 1759 ⁴

735 1810 770 1902 §.
820 1807 871 1887 V.

367 1927 483 2004 Varia
508 1925 645 2025 saporis
677 1949 808 2026 genera
841 1925 996 2007 definita
1023 1931 1189 2028 equidem
1212 1930 1241 2003 a
1264 1923 1297 2001 di·

267 2023 401 2105 stindtu
427 2028 534 2102 valde
558 2027 717 2103 difficilia
743 2029 842 2118 sunt,
871 2031 1076 2104 difficiliora
1099 2049 1211 2104 tamen
1233 2027 1296 2100 odo·

268 2129 331 2204 ris.
384 2125 545 2220 Dispesci
563 2141 683 2200 autem
707 2127 745 2200 hi
764 2126 1033 2202 consueverunt
1051 2131 1089 2203 in
1107 2133 1235 2215 Gratas,
1256 2121 1296 2217 qli

270 2227 302 2298 dr
333 2227 495 2297 excitent
516 2225 777 2298 &refocillant
800 2226 1048 2320 Bucephalum
1080 2230 1114 2302 dt
1139 2223 1295 2303 nervolun

268 2324 440 2416 systema,
472 2321 562 2393 &in
583 2319 753 2414 Ingratos,
779 2345 871 2414 quos
897 2328 1117 2420 repellentes
1141 2337 1293 2403 vocarunt,

271 2441 436 2514 quosque
453 2417 636 2492 aversatur
654 2418 897 2512 Encephalus.
950 2419 1041 2497 Sunt
1060 2439 1178 2498 tamen
1194 2422 1293 2494 odoret

269 2519 310 2591 in
329 2519 483 2611 plantis,
502 2538 603 2610 aeque
619 2537 661 2590 ac
680 2515 838 2612 sapores,
859 2520 908 2593 ita
928 2518 1017 2616 saepe
1033 2523 1162 2614 mixti,
1181 2537 1215 2593 ut
1228 2514 1293 2608 quis·

269 2639 352 2692 nam
380 2617 596 2708 prevaleat,
623 2613 718 2689 diitu
749 2613 831 2689 sane
862 2619 968 2696 facile
993 2642 1072 2694 non
1097 2623 1149 2695 srt.
1198 2609 1293 2688 Domi·

270 2732 378 2790 nattrr
408 2713 574 2806 equidem
604 2715 642 2788 in
671 2713 809 2788 Mentha
838 2721 931 2789 odor
958 2716 1143 2813 fragrans,
1171 2715 1220 2789 sed
1243 2713 1290 2792 ita,

269 2831 312 2888 ut
328 2812 435 2885 adluit
455 2811 542 2904 quid
563 2813 694 2885 habeat
716 2812 830 2906 iircafl
845 2813 903 2887 seu
918 2813 1038 2908 felini,
1068 2818 1236 2910 Nepetam
1250 2805 1291 2878 ali·

271 2935 339 3004 qua
361 2911 504 2982 ratione
526 2911 731 2984 referentis.
783 2911 979 3008 Singularis
1006 2935 1098 2988 vero
1124 2913 1194 3004 est,
1217 2919 1292 3000 quen

270 3010 421 3084 Feliaam
438 3008 590 3082 dicimus
609 3011 761 3082 odorem
779 3009 817 3083 in
833 3011 955 3084 radice
976 3015 1153 3088 Valeriana
1161 3065 1173 3100 ,
1192 3012 1290 3100 Sapra

270 3115 362 3181 amia
381 3107 414 3178 ἃ
434 3108 568 3201 Napata
592 3108 766 3198 obvium,
794 3125 834 3181 ut
856 3111 907 3182 nil
929 3109 1030 3204 supra
1058 3113 1107 3184 ita
1130 3112 1211 3185 feles
1233 3101 1292 3172 alle·

270 3205 380 3280 diens.
432 3204 622 3277 Proximus
643 3205 729 3278 huic
747 3204 797 3278 est
817 3206 991 3282 Hircinus
1013 3211 1049 3282 in
1071 3213 1201 3283 Gerania
1215 3199 1291 3272 raia·

270 3313 370 3392 tiana,
391 3307 523 3396 Satyria
537 3310 671 3390 larciana,
691 3302 857 3399 Hyperico
870 3311 1012 3394 himina,
1032 3297 1290 3403 Parapanisa-

263 3402 386 3496 fragu,
416 3407 557 3487 Saliam,
584 3403 676 3474 Rata
701 3401 768 3477 &q
808 3403 866 3476 sed
897 3405 1065 3493 tenuior,
1087 3419 1128 3478 ut
1148 3403 1169 3476 sl
1193 3399 1291 3472 horum

270 3503 412 3574 tantilla
443 3501 571 3600 portio
594 3499 809 3592 spirantibus
835 3522 867 3573 e.
885 3523 937 3598 gr.
964 3501 1112 3575 Melillae
1133 3497 1237 3573 addita
1255 3487 1269 3560 i
1282 3519 1290 3534 ·

270 3600 363 3687 erit,
389 3599 550 3670 ilentlrae
574 3597 725 3670 odorem
749 3596 889 3672 sentias.
941 3601 1123 3674 Videntur
1143 3599 1177 3672 hi
1194 3601 1290 3666 ornati

270 3717 292 3768 e
316 3696 493 3769 diametro
517 3696 674 3789 oppositi
700 3695 964 3792 Ambrosiam,
991 3699 1025 3772 dt
1049 3695 1196 3794 proinde
1220 3687 1290 3760 vires

269 3793 403 3877 habere
431 3795 538 3888 plane
565 3793 777 3878 contrarias.
1156 3833 1160 3842 ·

1153 3973 1210 4066 q.
1239 3953 1285 4032 u.
