2640 4744
273 271 345 346 274
524 240 749 324 SPIRITUS
788 245 1073 326 FRUMENTI.

514 385 518 392 ’
706 435 739 522 l·
790 427 892 504 xvi.

367 525 424 604 Ex
446 547 517 617 eo,
544 527 642 620 quod
672 526 810 624 sanguis
843 525 970 620 spiritu
998 527 1171 603 frumenti¹
1193 547 1304 624 coagu-

170 681 173 687 -
270 633 391 720 latur,
421 627 588 701 nonnulli
611 626 751 698 Medici
772 626 973 699 mechanici
994 622 1186 722 Chirurgus
1204 647 1304 719 repre·

270 728 456 814 bendum,
489 725 588 816 quod
614 723 936 822 Sugillationibus,
968 721 1244 799 Contufronibus
1265 739 1303 796 at·

272 849 344 920 qne
380 823 459 896 aliis
492 821 816 894 inflammationum
847 823 1063 915 generibus,
1100 825 1159 896 ubi
1189 821 1303 914 sangnis

272 922 388 998 subest
418 934 637 1010 concretus,
665 919 828 991 fomenta
860 917 984 1012 spiritu
1012 921 1180 994 frumenti
1207 919 1303 991 timia

273 1023 455 1116 adplicata
483 1017 621 1108 solent,
651 1039 731 1090 cum
762 1016 905 1112 spiritus
936 1017 996 1092 hic
1024 1042 1089 1113 per
1124 1019 1156 1090 fc
1191 1017 1303 1110 sangni-

272 1143 356 1198 nem
381 1118 562 1213 coagulet.
619 1115 703 1187 Nos
729 1137 820 1188 vero
855 1115 946 1190 hanc
975 1118 1124 1190 curandi
1152 1117 1304 1190 rationem

273 1217 464 1292 innoxiam
492 1213 716 1308 judicamus;
754 1215 904 1287 linteum
941 1217 1036 1288 enim
1073 1217 1303 1307 complicatum

274 1313 401 1414 spiritu
422 1312 593 1388 frumenti
612 1312 778 1384 inbutum
797 1313 1026 1404 exprimunt,
1048 1329 1089 1386 ut
1106 1315 1230 1388 halitus
1246 1327 1302 1382 tm·

273 1427 351 1491 tum
376 1409 538 1484 volatilia
567 1432 632 1503 per
662 1425 782 1482 cutem
807 1408 850 1482 ad
879 1431 1015 1484 nervos
1038 1411 1162 1502 laesos,
1195 1409 1302 1482 &iere

272 1525 441 1586 mortuos
458 1522 641 1602 penetret,
660 1508 719 1597 qui
739 1507 805 1578 hos
823 1507 1018 1581 excitando
1041 1511 1138 1583 vires
1155 1507 1302 1580 vitecor·

271 1611 446 1696 ¹roborat,
479 1605 575 1678 unde
593 1603 751 1677 referant
768 1601 995 1698 sanguinem
1020 1629 1141 1701 neque
1160 1603 1302 1696 enimfpi·

272 1709 365 1782 ritus
394 1716 545 1778 externe
578 1701 801 1793 adplicatus,
830 1700 1010 1796 sanguinis
1040 1704 1303 1803 coagulationem

273 1803 416 1881 efficere
439 1797 595 1898 potuilse
613 1798 1045 1971 quisquamxoqgervavit.

371 1997 432 2074 Ad
460 2003 510 2074 lor
535 1999 764 2093 eoagulnrrdum
787 1995 948 2090 spiritum
976 1995 1074 2071 hunc
1104 1996 1184 2072 fatis
1208 2009 1301 2090 aptum

274 2097 343 2174 elie
366 2097 593 2192 experientia
608 2097 718 2169 docet
739 2094 943 2184 nutricum,
969 2109 1062 2188 potu
1079 2096 1152 2170 hoc
1169 2095 1300 2191 spirituo·

272 2201 314 2286 fo
346 2195 596 2283 abutentium,
632 2195 763 2287 quibus
794 2195 851 2267 lac
886 2193 1075 2288 proprium
1107 2198 1301 2291 coagulatum

272 2296 446 2372 Bubones
469 2292 645 2366 cauffatur
663 2313 907 2368 mammarum.
963 2293 1122 2367 Salivam
1143 2300 1239 2366 etiam
1256 2287 1299 2380 lpi-

271 2395 347 2466 ritu
368 2391 540 2464 frumenti
559 2390 740 2482 coagulari
765 2389 1018 2476 observantem
1046 2393 1170 2488 lingua
1188 2389 1300 2463 enim&

272 2491 360 2566 faux
387 2487 469 2580 post
493 2483 656 2560 haustum
687 2487 923 2578 majusculum
953 2489 1089 2562 aridior
1113 2491 1245 2574 euadit,
1266 2499 1298 2554 rt·

274 2608 345 2680 que
368 2583 478 2658 saliva
504 2582 715 2680 grumescit‚
743 2584 916 2676 quocirca
941 2608 998 2658 res
1026 2589 1136 2660 nobis
1164 2581 1299 2658 succurrit

272 2682 469 2772 notabilis,
496 2681 593 2773 quod
613 2703 762 2768 eorum,
792 2687 852 2775 qui
880 2699 972 2776 potu
995 2687 1066 2756 lroc
1093 2686 1299 2776 intemperan-

273 2784 346 2858 tius
369 2794 540 2870 utuntur,
579 2801 673 2853 vena
700 2778 812 2870 seua,
839 2781 978 2854 malfam
1011 2781 1175 2856 videmus
1198 2775 1298 2870 sangui·

272 2903 379 2958 neam
404 2878 483 2954 sero
509 2879 664 2952 maxime
689 2877 876 2964 constare,
903 2879 1117 2971 paucilfrmis
1144 2901 1228 2953 uero
1247 2877 1298 2968 glo·

273 2979 368 3054 bulis
393 2977 531 3063 rubris,
557 2977 649 3050 adeo
680 2991 723 3050 ut
749 2976 908 3072 sanguini
941 2978 1222 3072 hydropicorum
1248 2974 1299 3046 lert

273 3079 317 3152 srt
333 3075 556 3150 conformis:
595 3073 734 3147 Nonne
761 3073 833 3146 hoc
855 3075 1074 3164 solidorum,
1107 3078 1186 3170 post
1212 3073 1298 3148 stimu-

273 3178 347 3248 lum
370 3171 588 3259 fortiorem,
617 3171 757 3246 laxitati
777 3172 827 3244 est
850 3175 1110 3248 tribuendum?
1156 3166 1299 3259 Alioquin

274 3273 371 3348 enim
411 3271 527 3346 sumto
560 3269 736 3342 calidiore
769 3270 840 3342 hoc
875 3273 1165 3362 medicamento,
1194 3263 1299 3358 samguis

273 3371 424 3444 deberet
448 3367 517 3442 elle
535 3365 690 3442 crassior.
742 3367 888 3441 Nimius
915 3378 1015 3442 certe
1041 3372 1204 3464 potionis
1223 3363 1300 3451 nujus

274 3467 378 3556 usus,
412 3467 628 3560 Hydropem
657 3465 777 3538 multis
807 3467 943 3555 adfert,
961 3469 1049 3541 'fruc
1078 3491 1096 3540 a
1132 3453 1301 3562 liquorom

275 3565 371 3639 intra
398 3565 584 3662 glandulas
613 3564 835 3660 coagulatis,
861 3565 934 3638 frve
964 3589 981 3638 a
1011 3565 1181 3660 dyfcrafia
1203 3566 1299 3638 hunro-

274 3685 375 3754 rum,
405 3663 479 3736 live
497 3685 517 3734 a
534 3661 705 3750 laxitate,
732 3683 808 3734 cam
829 3662 1031 3736 deduxeris.

694 3765 727 3850 §.
779 3759 915 3832 XVlll.

353 3845 1300 3952 SpecificumnonnullisAruieimintiricumhebetudini·

275 3956 366 4034 ritus
382 3956 578 4047 frumenti,
603 3953 838 4032 &Lumbrici
856 3971 955 4032 certe
978 3957 1048 4032 isto
1072 3945 1299 4060 necantur-{lpi-

1226 4062 1298 4124 ntui
