2640 4744
253 71 800 190 sel·R1Tus·FltthENT1.
989 134 1060 210 ,ῃ

434 231 479 381 ς]
519 272 632 368 xx'u

101 383 135 458 Si
151 407 278 464 omues
295 401 542 464 enumerarem
561 390 832 481 morbor,quos
850 386 956 482 potui
975 385 1061 462 huic

27 483 194 578 spirituol'o
210 487 388 582 originem
405 486 537 560 debere
553 485 692 560 Medici
711 483 965 575 observarunt,
983 488 1062 562 nul·

27 586 68 656 lus
89 584 182 657 foret
203 585 383 660 orationis
402 583 534 660 exitur.
584 583 800 660 Nonnullot
828 599 950 660 tamen
982 585 1061 659 bre·

27 681 104 754 viter
128 680 325 757 nominalie
351 681 511 758 sufficiat.

104 779 218 854 Febres
248 783 513 874 inllanrmruorioi
541 776 686 872 spiritus
719 781 857 854 excitat
885 775 1061 854 frumenti

26 876 240 954 immoderate
266 867 423 970 sumtus,
449 875 643 974 presertim
664 875 758 974 apud
776 879 956 972 juvenes,
983 875 1062 972 qui·

26 976 77 1048 but
96 989 205 1050 nocet
229 976 396 1050 maxime.

103 1068 242 1170 Pitbr'sts
261 1073 496 1168 quotidianos
526 1073 633 1168 hujus
663 1071 817 1166 liquoris
845 1083 1061 1167 potatores,

27 1169 153 1266 Polypis
181 1193 315 1266 nempe
343 1171 437 1246 intra
471 1169 555 1247 vasa
588 1169 821 1246 Bronchialia
853 1168 1061 1268 generatis,
1120 1239 1125 1247 .

27 1269 216 1364 plerumque
238 1269 388 1366 iugulat.

102 1363 1060 1464 Hydrrprinde,glandulasindurando,inpidimeorl·
1168 1427 1175 1444 .

28 1477 88 1550 tur,
109 1466 204 1556 quod
225 1467 261 1539 in
280 1463 420 1538 rusticis
438 1463 727 1554 Ostrobothniae,
747 1463 885 1558 Spiritu
902 1464 1062 1538 frumen·

28 1561 238 1659 duntopere
255 1564 505 1652 abutentibus,
520 1561 733 1636 observatur
750 1561 870 1636 facile.
923 1561 1062 1636 Mirum

29 1673 122 1732 autem
146 1661 223 1752 est,
248 1659 344 1754 quod
362 1659 485 1734 rustici
501 1657 649 1751 Ruffici,
663 1659 724 1754 qui
743 1659 848 1754 potui
865 1659 951 1736 huic
967 1658 1062 1755 pari·

29 1769 69 1828 ter
86 1757 266 1855 indulgere
284 1759 478 1848 videntur,
503 1758 618 1833 rarius
639 1771 760 1834 tamen
783 1755 865 1833 sunt
886 1755 1062 1852 hydropi·

29 1852 62 1926 ti.
103 1854 188 1930 Eius
213 1856 312 1931 iorte
336 1855 425 1930 Allii
455 1855 524 1930 bos
548 1853 762 1950 praeservat,
800 1855 900 1950 quod
928 1875 994 1951 per
1026 1853 1062 1928 se

28 1969 86 2025 non
106 1973 184 2030 raro
210 1953 414 2048 hydropem
440 1953 552 2028 tollit.

101 2051 219 2126 lilerur
246 2052 293 2126 ab
312 2052 384 2124 boc
403 2065 496 2146 potu
521 2048 612 2142 impe
639 2061 858 2146 generatur;
876 2049 985 2146 idque
1011 2047 1063 2122 fel

30 2149 252 2240 coagulando,
278 2149 421 2226 dulium
438 2145 656 2243 obstipando
674 2146 964 2240 choledocbum,
985 2147 1062 2222 live

30 2239 171 2321 Calculor
196 2243 410 2343 generando
430 2245 574 2322 felleos.

103 2343 356 2420 Hemorrboider
374 2357 534 2441 generat
586 2341 752 2438 Plerique
769 2341 892 2420 saltem
908 2341 1062 2418 hemor·

30 2435 189 2518 rhoidibus
215 2443 372 2520 obnoxii
390 2441 603 2538 pressionem
619 2442 660 2516 in
674 2442 754 2517 sede
768 2441 949 2528 sentiunt,
971 2457 1062 2534 quo·

31 2535 81 2608 ties
98 2539 189 2614 bunc
211 2541 385 2616 bauriunt
410 2541 601 2634 liquorem.
652 2538 702 2614 D.
720 2537 876 2614 Affeffor
895 2539 1063 2628 Moroeus,

31 2633 75 2720 qui
102 2639 225 2729 praxin
265 2638 441 2712 medicam
476 2637 647 2712 Fablunae
670 2635 733 2710 diu
758 2637 945 2724 exercuit,
972 2657 1077 2726 eos,¹

29 2731 75 2818 qui
91 2731 158 2808 usui
181 2735 289 2830 hujus
314 2734 459 2830 spiritus
477 2735 694 2830 quotidiano
717 2733 876 2826 adsueti,
903 2755 968 2828 per
997 2733 1060 2806 ali·

31 2843 100 2912 quot
124 2833 276 2908 eundem
302 2855 419 2908 annos
443 2832 722 2922 intermiserint,
748 2833 879 2906 iterata
901 2829 1063 2926 postmo-

29 2919 92 2997 dum
128 2928 402 3022 sorbillatione,
442 2951 571 3006 omnes
612 2930 942 3006 bemonhoidlbus
980 2951 1062 3006 cor·

29 3035 129 3112 reptos
150 3027 254 3102 fuilie
279 3027 505 3104 observavit.

32 3210 38 3223 ,
106 3123 271 3200 Trnnorer
287 3125 449 3215 inducit,
475 3127 572 3220 quod
589 3125 804 3202 testantibus
822 3125 977 3202 strenuis
997 3125 1061 3202 bu·

29 3231 69 3298 1¹¹8
90 3219 237 3312 liquoris
272 3223 505 3298 helluonibus
529 3221 839 3300 demonstratione
867 3245 945 3300 non
969 3223 1062 3298 indi·

29 3325 81 3400 get,
126 3317 330 3396 Nomioare
367 3325 460 3396 nolo
488 3321 674 3398 Medicum
713 3321 808 3396 haud
843 3321 893 3395 ita
923 3321 1064 3416 pridem

31 3403 252 3508 demortuum,
277 3419 362 3512 qui,
383 3419 446 3496 nili
462 3419 609 3494 duobus
632 3417 755 3494 strmtis
780 3421 887 3512 hujus
914 3419 1061 3494 nervini

28 3497 276 3686 lblsslesttffifiitne
308 3516 454 3612 quidem
482 3517 673 3592 formulam
703 3517 880 3592 medicam
904 3516 1062 3612 prescri-

103 3705 300 3786 Pbrenirider
317 3710 509 3786 caussatur.
551 3709 659 3786 Duos
679 3709 938 3788 Stockbolmioe
954 3713 993 3788 N
996 3715 1059 3793 ob.

28 3786 62 3868 D·
89 3799 209 3884 Preies
238 3810 328 3884 adiit
354 3827 535 3908 egrotos,
588 3812 623 3884 ui
650 3809 840 3908 Phrenesr,
874 3815 923 3890 ob
937 3812 1062 3887 lulum

524 3907 548 3982 S
575 3959 594 4002 ,
941 3911 1068 4032 ⁸buno
