2700 4746
274 133 342 208 118
368 119 747 199 FUNDAMENTA
773 117 1216 204 ORNITHOLOGICA.

371 301 550 379 CAUDA
584 302 840 378 eretiricibus
873 300 1075 379 construtia
1109 301 1178 392 est,
1208 303 1305 379 itaut

270 401 365 480 letus
390 423 517 491 penne
547 401 701 475 interius
726 417 868 497 tegatur
891 423 911 475 a
935 401 1104 496 proximo
1122 401 1304 496 superiore,

273 517 347 589 quo
370 495 433 582 fit,
460 498 743 574 utintertnediae
769 501 913 574 tandem
938 499 1121 572 emineant
1143 498 1304 592 supreme,

271 594 449 686 imprimis
467 597 579 670 cauda
595 598 825 691 complicata.
864 597 1004 671 Differt
1018 597 1159 670 ratione
1174 596 1305 688 Proper·

273 693 388 766 tiouis
406 694 442 765 in
464 696 708 789 Brochyuram,
735 712 814 786 quae
835 697 988 792 pedibus
1006 694 1172 781 brevior3
1199 695 1306 768 Medio

274 815 378 878 cren,
406 814 483 883 quae
505 794 672 886 aequelis3
697 795 730 864 or
751 795 984 882 Mamurram,
1010 815 1087 884 quae
1111 793 1197 865 ultra
1214 792 1304 883 pedes

269 890 457 983 elongata.
507 891 667 965 Ratione
693 891 830 985 Figurae
854 891 922 972 ita:
950 889 1204 985 Aequriinubi
1227 887 1304 962 fasti·

274 988 390 1082 giata3
419 989 645 1076 Crrueura,ubi
659 991 825 1062 laterales
843 988 962 1063 sensim
982 988 1190 1076 breviorem
1218 981 1305 1078 Forfi·

274 1100 359 1174 ratu,
377 1086 438 1157 ubi
463 1089 628 1160 laterales
646 1087 767 1160 sensrm
791 1087 989 1181 longiores.

371 1182 652 1259 TECTRICES
672 1207 799 1280 pennae
817 1185 1011 1273 dicuntur,
1038 1205 1115 1276 quae
1134 1184 1223 1269 alas‚·
1244 1201 1309 1253 cau·

277 1279 358 1354 dam
388 1280 685 1378 &uropygium
716 1299 787 1356 tam
810 1281 912 1375 supra
937 1304 1043 1375 quam
1064 1281 1169 1369 infra,
1182 1291 1307 1375 tegunt,

276 1379 374 1454 unde
384 1379 563 1464 teftrices
573 1381 759 1476 superiores
778 1380 812 1452 ot
830 1377 998 1470 inferiores
1018 1381 1150 1468 elerum
1171 1395 1308 1452 autcar-

277 1478 343 1552 dc.
394 1469 546 1568 Duplici
570 1499 767 1569 pennarum
799 1477 887 1551 serie
911 1477 965 1550 hae
990 1475 1024 1550 se
1049 1477 1203 1550 invicem
1225 1475 1307 1547 obte

277 1588 389 1672 gunt,
427 1573 525 1647 unde
556 1597 633 1666 quae
655 1574 851 1670 remigibus
872 1575 1070 1668 proxime,
1093 1579 1227 1662 ultime,
1248 1587 1309 1664 que

278 1671 502 1765 superiores,
547 1679 706 1748 multisne
731 1685 925 1746 vocantur.

375 1767 493 1842 SPEC
535 1769 647 1844 LUM
671 1770 893 1860 ALARUM
920 1771 1061 1844 macula
1085 1767 1136 1843 est
1158 1767 1311 1872 colorus,

279 1867 419 1957 nitida,
443 1866 480 1940 in
505 1865 694 1960 superficie
722 1867 909 1942 testricum
936 1867 1053 1958 picta,
1080 1867 1163 1942 dum
1184 1860 1311 1953 compli-

280 1980 410 2040 centur
430 1965 516 2056 ale,
542 1965 759 2062 conspicua,
789 1965 1093 2060 quemadmodum
1117 1965 1156 2040 iu
1172 1961 1311 2038 Ancus

279 2063 409 2138 videre
432 2061 495 2141 est.

715 2169 750 2255 §.
798 2160 905 2236 VIII.

378 2255 438 2330 Ad
459 2255 627 2332 vestitum
656 2259 776 2330 avium
806 2258 904 2350 qnod
932 2257 1089 2348 attinet,
1113 2257 1231 2332 herum
1247 2263 1313 2344 pro·

282 2354 362 2444 pria
381 2368 587 2448 tegumenta
605 2355 819 2428 naturaliter
835 2353 916 2429 sunt
934 2358 1053 2430 Penne
1069 2357 1103 2429 ἀ
1121 2358 1259 2434 Piumaes
1273 2345 1314 2418 1³²

282 2450 474 2524 breviores
493 2453 583 2523 lanae
604 2450 713 2526 instar
731 2470 865 2545 corpus
880 2452 1028 2544 fovent,
1044 2455 1120 2527 illae
1136 2472 1224 2525 vero
1235 2445 1314 2538 squa-

282 2568 419 2623 marum
446 2547 482 2622 in
503 2548 650 2622 modum
673 2549 869 2624 imbricatoe
882 2572 1017 2644 corpus
1038 2551 1193 2626 servunt.

380 2644 570 2720 PENNAE
600 2668 677 2740 quae
707 2647 859 2746 (praeter
895 2649 967 2722 alas
996 2647 1030 2722 ἃ
1059 2639 1227 2735 caudam)
1253 2637 1316 2714 reli·

286 2764 396 2836 quum
424 2766 558 2838 corpus
585 2742 750 2835 servant,
776 2747 813 2819 in
831 2745 1072 2838 quincuncem
1098 2744 1234 2842 digestae
1254 2737 1318 2812 sunt

287 2844 322 2917 δι
349 2841 492 2938 fingulis
517 2841 736 2936 interpofitae
763 2843 842 2916 duae
877 2845 1031 2938 plume,
1065 2844 1227 2918 mirando
1246 2853 1317 2910 nun·

288 2961 393 3034 quam
418 2939 500 3013 satis
520 2940 699 3031 artificio,
725 2940 823 3035 quod
843 2941 879 3014 in
906 2945 1049 3036 Colymii
1066 2939 1251 3034 praesertim
1269 2951 1318 3042 to·

286 3039 367 3124 rio,
394 3037 626 3112 alutariorum
647 3052 724 3111 arte
742 3053 964 3132 preparato,
991 3039 1228 3112 foraminibus
1243 3043 1318 3106 cunr

288 3137 458 3214 omnibus
485 3135 639 3225 ferretis,
667 3135 718 3209 est
742 3135 988 3229 conspicuum.
1039 3137 1149 3211 Nuda
1168 3155 1253 3207 vero
1272 3145 1320 3200 cu·

287 3237 336 3312 tis
366 3234 417 3308 est
443 3232 499 3323 (ir.
522 3255 553 3304 e.
589 3255 787 3326 pennarum
822 3234 1026 3324 quincunce
1051 3256 1127 3309 non
1159 3230 1321 3326 periorrtt

288 3347 351 3407 aut
377 3322 492 3418 cena)
519 3332 690 3424 utrinque
709 3331 750 3402 ad
772 3333 858 3406 colii
884 3333 1016 3418 latera,
1044 3355 1064 3405 a
1090 3334 1207 3424 capite
1229 3331 1320 3431 iuter·

288 3430 483 3524 scepuiium
509 3429 652 3520 versus,
679 3430 712 3502 oc
738 3431 781 3501 ob
811 3430 928 3502 exiliis
957 3453 1021 3524 per
1046 3431 1160 3504 latera
1184 3424 1323 3523 penore

289 3528 334 3601 ad
357 3529 656 3623 inguinumque,
682 3543 789 3619 atque
814 3550 878 3621 per
895 3527 1034 3604 femora
1052 3527 1203 3624 postica,
1222 3535 1323 3597 reno·

288 3624 337 3699 tis
362 3625 618 3718 integumentis
648 3625 816 3699 videnda.
946 3709 953 3722 ¹

385 3724 496 3797 Pensm
518 3721 660 3797 constat
684 3725 752 3798 bei
774 3721 987 3816 cylindrica,
1009 3714 1323 3814 concava‚(reier·

287 3835 326 3899 te
342 3819 489 3897 veiculo
507 3819 634 3897 bibulo
654 3818 884 3914 articulato)
907 3822 1032 3898 exiens
1054 3825 1091 3900 in
1116 3820 1240 3896 rechin
1256 3831 1323 3987 arg

1279 3932 1288 3983 r
