2640 4744
55 189 395 272 ruuvmouuu
413 187 454 264 ’ἀ
479 187 796 270 GELIDORUM
818 191 957 274 ustio.
986 218 1056 292 aas

20 373 185 462 diffluant,
212 386 290 446 tum
314 369 414 464 quod
442 369 576 444 calidas
599 369 678 446 illas
695 371 788 468 ,gula
813 371 952 470 semper
969 374 1056 456 defi·

20 475 111 546 deret.
162 471 295 544 Sedulo
322 469 432 564 igitur
458 471 534 542 hac
560 483 711 562 caveat,
734 469 943 568 quicunque
967 496 1055 552 enu-

20 583 133 644 merata
156 567 261 662 cupit
285 568 427 641 evitare
447 567 552 650 mala.

96 665 179 740 mdo
202 667 451 761 oryzocouae,
467 667 603 750 cdidoer
634 684 739 758 quam
765 663 920 760 speciem
942 669 1054 762 pultia

21 765 153 859 exempli
173 765 260 838 loco
282 763 447 856 inprimis
475 761 669 858 elegimus,
700 761 787 836 licet
811 785 880 838 nec
898 778 1054 860 ceteras,

19 863 83 938 dum
99 863 222 936 calidae
240 861 473 958 ingeruntur,
492 859 547 932 uti
563 857 697 954 plebeji
715 857 887 952 assolent,
905 865 1054 958 impune

20 960 155 1054 usurpari
177 957 300 1056 polle,
330 959 395 1032 ulli
417 955 672 1033 concedamus.
722 957 822 1054 Quid
846 981 954 1051 vcro,
980 983 1053 1058 pra

19 1059 99 1148 aliis,
134 1079 259 1152 oryza
291 1055 373 1130 insit
401 1055 526 1132 nervia
548 1053 701 1148 inimici,
720 1077 779 1130 me
802 1057 912 1144 latet3
944 1057 1053 1136 inedia

18 1171 130 1250 umen,
150 1149 369 1251 persuadent
393 1153 692 1242 observationer,
721 1153 755 1228 de
787 1151 931 1248 quidem
963 1177 1052 1252 prae

19 1251 112 1328 sertim
136 1275 292 1342 eorum,
316 1251 445 1344 quibus
467 1252 541 1326 hoc
557 1247 824 1326 frumentorum
844 1273 959 1352 genua
983 1277 1054 1350 pro

18 1347 1053 1546 lll‘llllnln¹llitlsslelttllleltlllle

20 1567 144 1639 oryzam
170 1545 324 1622 calidam
349 1541 575 1638 frequentius
599 1543 824 1638 usurpatam,
858 1565 936 1622 non
961 1568 1054 1626 ven·

19 1645 127 1720 tietdo
153 1659 297 1722 tantum
316 1644 473 1718 maxime
490 1639 633 1734 obesse,
662 1640 721 1718 sed
742 1645 853 1719 etiam
874 1658 1055 1724 tremorea

20 1755 135 1820 utrum
160 1744 299 1820 inferre
328 1741 362 1814 dt
389 1739 555 1835 inprimii
577 1740 802 1829 coecitatemr
829 1755 983 1836 contra,
1017 1745 1054 1822 se

19 1837 60 1912 his
79 1843 175 1916 malis
201 1843 380 1915 immunes
412 1837 504 1928 else,
532 1836 691 1931 tepidam
718 1837 934 1934 frigidumve
954 1841 1053 1919 adhi-

20 1935 143 2030 bentea3
172 1939 409 2034 quamobrem
440 1937 532 2032 gula
555 1935 845 2028 oblectamento,
871 1961 978 2034 quam
1002 1941 1053 2016 sa·

21 2035 119 2112 nitatis
146 2035 373 2134 integritati,
410 2034 529 2108 minua
565 2031 772 2124 studenter,
806 2036 958 2112 calidam
999 2040 1054 2112 vi·

22 2145 91 2226 tant,
104 2137 349 2232 refrigeratam
367 2145 507 2208 tantum
519 2130 634 2206 hodio
648 2131 845 2206 admittunt
860 2153 1026 2227 oryzam.

22 2339 76 2404 mm
88 2233 272 2404 quoniam
293 2233 403 2328 igitur
422 2251 545 2324 oryza
572 2227 684 2304 cotia·
703 2227 784 2304 usus
801 2230 896 2323 apud
915 2231 1054 2308 nostra·
1129 2317 1137 2338 ι
1273 2287 1278 2303 .

96 2355 117 2426 Ρ

132 2331 272 2406 urimur
297 2349 469 2424 perquam
496 2327 683 2402 familiaris
701 2325 774 2418 est,
799 2326 956 2404 suasores
980 2333 1054 2408 illis

22 2423 71 2498 ese
97 2431 299 2519 vellemus,
336 2425 529 2522 presertim
567 2425 680 2501 livel
717 2423 929 2504 levissimum
956 2429 1053 2509 visus

21 2523 123 2600 uitium
140 2527 215 2620 jam
239 2524 346 2612 adlit,
369 2539 410 2598 ut
427 2523 546 2598 calida
565 2543 608 2598 ea
629 2545 704 2597 non
725 2523 927 2603 vescantur.

93 2625 181 2718 32tio
210 2625 325 2698 Rutuli
346 2619 607 2714 &farciminum
638 2619 777 2695 scilicet
802 2645 879 2698 non
911 2639 1055 2704 tanturn

21 2737 76 2795 non
108 2721 307 2808 insuetum,
345 2719 403 2794 sed
434 2719 467 2792 dr
494 2721 532 2794 in
562 2719 703 2792 deliciis
740 2719 815 2807 est,
855 2721 891 2794 in
927 2724 1053 2816 primia

21 2813 179 2896 inferioris
202 2817 309 2894 sortia
327 2817 558 2906 hominibus,
586 2815 654 2890 hos
681 2838 726 2890 ex
754 2817 827 2890 olla
852 2841 966 2912 nuper
992 2843 1053 2896 ex·

22 2915 148 3006 moos,
175 2917 391 3011 fumantes,
413 2915 446 2988 dr
472 2934 617 2988 manum
640 2928 825 2989 tenentem
844 2915 919 2991 sere
948 2941 1053 2994 uren·

22 3021 60 3084 tes
79 3014 243 3090 saucibus
264 3013 471 3102 intruderea
500 3012 537 3088 iu
563 3033 694 3104 quem,
717 3013 790 3104 J'am
819 3027 902 3088 ante
920 3017 1054 3111 viginti

21 3106 134 3204 iola,
155 3113 312 3188 seneca
329 3111 438 3186 etiam
454 3109 618 3184 invedius
632 3107 697 3198 est,
713 3131 874 3198 morem,
891 3163 919 3202 „
930 3135 1053 3208 quem,

22 3209 250 3303 „admodum
277 3209 467 3302 inquient,
493 3213 574 3284 aiiii
598 3213 668 3282 illis
686 3209 775 3306 satir
796 3207 984 3304 frigidum,
1002 3207 1054 3306 fit

22 3313 111 3386 „ulti
133 3311 213 3402 fotis
241 3313 405 3394 calidum
426 3308 488 3402 sed
512 3309 657 3382 ardentes
690 3309 828 3394 induor,
861 3311 906 3396 θ’
933 3317 1055 3402 ruptim

22 3410 223 3484 „undmmto
241 3407 306 3504 suo
336 3407 487 3501 mersatur
521 3407 693 3478 &mittunt
705 3425 808 3575 rpurte
833 3405 1011 3498 summitas.
1026 3455 1054 3496 „

23 3497 179 3599 Quantam
202 3521 323 3578 autem
350 3503 453 3576 cibus
473 3499 539 3578 iste
562 3499 678 3577 secum
720 3513 798 3576 erat
821 3525 978 3594 noxam,
1006 3527 1056 3588 er

22 3597 183 3684 prioribus
202 3603 318 3696 palam
344 3599 413 3674 elie
429 3599 645 3694 opinamur,
671 3599 799 3672 &heic
817 3615 984 3694 repetere
1000 3603 1054 3680 su·

22 3697 176 3798 persuum
197 3699 418 3794 judicnmma
451 3699 583 3791 quibus
609 3711 728 3772 tamen
749 3698 1055 3780 Americanorum

23 3791 143 3887 insuper
163 3795 293 3871 addere
316 3795 461 3891 juvabit
480 3794 709 3885 testimonia,
736 3795 822 3890 qui,
849 3797 1054 3892 postquam,

23 3883 124 3966 solutis
144 3895 298 3970 alleilati
320 3895 581 3990 Europaeorum
606 3893 792 3988 moribus,
816 3895 941 3971 calidis
959 3897 1056 3970 dele·

62 3987 143 4066 sum.
160 3993 242 4074 Vll.
515 4039 523 4054 ·
569 3990 596 4066 P
970 3993 1056 4070 ilari
