2716 4748
208 179 337 296 USUS
367 175 627 262 HISTORIAE
656 177 966 260 matuatus.
1047 205 1118 278 411

54 363 175 460 petit,
200 363 318 455 major
336 359 509 452 accedat,
538 359 678 436 necesse
693 361 763 452 est,
786 363 892 436 labor
915 361 950 436 dt
971 361 1122 458 diligen·

56 465 107 538 tia
129 464 174 538 in
186 459 353 536 eruendis
372 477 508 537 nature
530 457 661 546 bonis,
700 461 853 552 quorum
878 459 1122 552 adminiculo,

57 563 112 634 uti
132 557 346 652 quotidiana
365 555 591 651 experientia
610 556 828 648 edocemur,
858 555 940 632 satis
961 579 1123 632 commo·

59 659 106 732 de
138 658 270 729 vivere
309 653 462 749 possut,
498 654 622 728 debita
654 655 927 730 interveniente
959 657 1124 750 cultura,

60 747 169 848 otiam
191 754 345 832 dicimus
367 752 647 828 Oeconomiam.
699 751 967 828 oeconomiam
989 755 1124 848 loquor·

59 855 267 950 privatam,
291 871 372 946 qua
391 850 502 926 docet
516 873 575 924 res
595 851 776 926 naturales
793 864 937 928 vertere
953 853 990 926 in
1007 851 1125 928 homi·

60 955 120 1027 nis
136 950 346 1026 utilitatem.
385 947 477 1022 Sunt
492 969 585 1022 vero
602 949 655 1022 hae
675 970 732 1022 rea
747 950 928 1024 naturales
946 949 1123 1044 triplices,

63 1045 289 1126 desumende
308 1047 484 1122 videlicet
499 1067 520 1119 e
537 1047 653 1120 tribus
675 1061 811 1120 natura
830 1047 973 1142 regnis,
999 1050 1058 1121 vel
1074 1049 1125 1124 la·

60 1147 200 1242 pitseo,
226 1145 284 1218 rel
305 1145 523 1238 vegetabili,
549 1145 609 1216 vel
633 1143 790 1218 animali.
850 1147 942 1246 Qua
966 1166 1058 1218 vero
1078 1165 1127 1222 ex

62 1244 163 1319 hisce
199 1241 316 1337 seligit
343 1243 479 1329 homo,
517 1241 659 1320 faciunt
687 1243 747 1316 vel
783 1241 827 1315 ad
857 1247 935 1335 ejus
968 1243 1128 1334 vidium,

64 1340 341 1435 quodprimum
363 1337 435 1424 est3
464 1341 525 1413 val
550 1339 595 1413 ad
622 1339 809 1428 aninumr
836 1344 897 1416 vel
919 1339 965 1414 ad
986 1341 1128 1416 diversa

65 1436 285 1527 commoda,
315 1438 368 1511 utl
398 1435 550 1532 domos,
578 1437 762 1530 utenfilia,
786 1437 1005 1516 commercia
1035 1438 1127 1517 fimi·

64 1535 417 1633 lsaquelnnumera.
551 1637 556 1644 ι
656 1621 658 1626 ,
1123 1577 1127 1594 ·

521 1679 557 1770 §³
607 1671 675 1760 ΙΙΙ,

165 1787 268 1864 Inter
288 1788 455 1884 tropicos
473 1789 700 1864 commodius
718 1787 886 1868 homines
903 1789 1004 1886 posse
1022 1789 1127 1868 vives

65 1910 126 1980 te,
148 1888 330 1962 neminem
344 1887 587 1962 dubitaturum
602 1885 693 1976 else,
717 1886 1020 1979 existimaverim,
1045 1909 1130 1964 cunr

67 1990 207 2078 absque
225 1985 296 2060 ulla
313 1981 521 2061 difficultate
541 1983 642 2058 cibus
663 1985 736 2072 ibi,
760 1999 801 2058 ut
823 1985 1000 2076 diximus,
1032 1984 1130 2058 obti-

67 2098 202 2162 neatur
218 2079 468 2178 sapidissmus,
491 2102 671 2180 necxopus
693 2079 830 2168 habent
850 2083 1017 2158 homines
1040 2081 1129 2180 mul,-

67 2197 112 2258 to
131 2195 305 2276 apparatu
322 2177 618 2274 incomparanda
635 2202 673 2252 re
693 2163 900 2254 domestica.
953 2177 1043 2254 Cum
1064 2179 1130 2270 itta

68 2301 143 2374 que
177 2275 343 2368 constet,
381 2275 589 2354 bominibus
619 2275 828 2372 primarium
857 2275 992 2352 vislum
1023 2297 1130 2374 ana·

67 2393 154 2451 tura
175 2373 409 2462 destinatum,
435 2373 537 2452 illuni
561 2373 653 2465 esse,
683 2375 747 2470 qui
770 2397 817 2453 ex
833 2373 1000 2470 frullllrrs
1020 2393 1134 2475 vege·¹

68 2475 239 2550 tabilium
263 2473 476 2564 desumitur,
503 2471 562 2546 lri'c
587 2495 677 2548 vero
702 2491 779 2550 non
802 2474 936 2576 ubique
960 2471 1131 2560 sufficiat;

69 2567 193 2667 cogsli
215 2569 295 2646 sunt
315 2567 493 2664 ejusmodi
519 2571 728 2664 vegetantia
751 2571 937 2666 plantare,
969 2572 1021 2646 uti
1049 2573 1134 2646 Pal·

70 2694 164 2748 mos:
203 2665 513 2758 PHOENICES,
544 2665 745 2758 COCOS,
766 2665 925 2742 CYCAS
948 2668 1134 2762 aliasque;

70 2763 135 2846 sed
169 2781 271 2842 extra
304 2765 397 2840 hanc
427 2765 578 2858 patriam
614 2761 805 2842 constituti
838 2765 1027 2854 homines,
1069 2761 1133 2836 ubi

69 2867 225 2960 hyemes
250 2863 440 2958 excipiunt
463 2861 647 2953 estatem,
664 2861 800 2938 sruslus
826 2883 909 2965 non,
932 2859 1134 2950 sufficiunt,

72 2985 170 3060 quos
193 2975 288 3036 terra
311 2956 438 3054 sponte
459 2954 560 3054 sert,
577 2957 673 3034 unde
694 2959 739 3036 ad
767 2963 911 3036 Cerealia
934 2959 1139 3055 confugere,

69 3058 256 3136 necessum
292 3059 373 3134 fuit.
438 3055 529 3133 Cum
555 3080 647 3132 vero
673 3056 924 3136 srecsrcca&
953 3054 1141 3147 sarinosa,

70 3157 259 3252 copiosius
275 3155 504 3254 ingurgitata,
515 3153 712 3252 'oppletent
728 3153 875 3250 corpus,
887 3155 983 3232 unde
999 3153 1142 3235 delete-¹

68 3257 129 3332 ria
154 3253 339 3344 diathesis,
373 3253 500 3328 docuit
523 3252 608 3328 ideo
631 3251 815 3330 neceffitas
841 3253 918 3328 haec
943 3253 1134 3326 sermenta-

68 3355 181 3428 tione
206 3349 429 3427 attenuando
461 3351 727 3445 coquendoque
751 3351 901 3426 reddere
926 3348 1135 3424 salubriora.

69 3451 147 3526 Sed
183 3449 260 3524 hec
288 3467 407 3546 tamen
442 3448 517 3527 sola
547 3449 854 3535 non-ventriculi
889 3447 1137 3522 satisfacerent

68 3547 280 3639 desideriis,
318 3547 482 3640 adeoque
506 3547 543 3622 in
570 3546 669 3620 usum
695 3561 878 3620 venerunt
901 3549 1052 3620 animalia
1071 3561 1134 3616 eo·

66 3659 387 3740 rumque-partes,
413 3665 513 3737 que,
535 3643 656 3720 mixtae
676 3643 964 3740 vegetabilibus,
981 3643 1137 3734 faciunt,

67 3759 113 3820 ut
141 3743 311 3916 homines
345 3742 454 3822 etiam
486 3756 590 3820 erma
614 3739 820 3820 calidissima
851 3742 996 3820 climata
1019 3737 1135 3816 felici·

67 3855 128 3917 ter
184 3853 301 3940 egant.

856 3934 860 3944 ’
1002 3969 1037 4062 s.
1065 3957 1135 4039 lv.
