2770 4752
84 109 394 195 NECESSITAS
408 109 608 189 Histoe.
621 111 818 190 NATUR.
830 111 1031 192 ROSSIAE.
1049 137 1121 216 439

62 317 138 391 que
154 289 339 389 Lapideo,
359 291 726 384 comprehenduntur.
765 293 832 368 illa
846 291 1017 386 scientia,
1042 314 1123 388 que

61 393 111 468 ad
134 393 281 468 istorum
305 387 557 484 cognitionem
581 413 651 465 nos
670 390 793 486 ducit,
825 393 969 468 Sriemia
987 407 1121 468 rasura·

61 497 130 582 lis,
156 489 217 564 vel
235 493 381 584 Cognitis
400 503 546 578 Μηνᾶ,
572 487 682 563 audit.

164 775 404 855 scmurm
427 681 682 870 NA‘ls'URIAE,
706 777 961 873 veseuvus,
986 775 1123 854 auimo

63 877 160 954 adeo
202 877 442 953 admiratione
483 879 607 954 nostra
642 877 750 975 digna
786 878 919 953 habeat
957 873 1122 970 obicdie,

62 976 188 1054 minus
219 991 339 1050 umen
364 989 450 1052 aute
469 976 538 1051 hos
555 988 701 1052 centum
727 996 843 1052 anuos
867 975 1012 1050 exculta
1037 973 1120 1048 luit.

63 1071 229 1148 Causlam
259 1088 380 1148 autem
410 1072 517 1166 huius
549 1073 709 1150 defcslus
741 1073 766 1149 sr
806 1093 964 1166 quarere
994 1072 1122 1164 lubet,

63 1192 145 1248 non
169 1171 273 1244 aliam
306 1171 404 1246 sorte
428 1171 681 1263 inveniemus,
739 1193 819 1246 uam
851 1169 963 1264 ipsum
995 1189 1123 1242 nume·

62 1289 146 1344 rum
170 1267 420 1361 objcdorum,
448 1268 584 1362 quippe
609 1291 689 1362 que
754 1283 797 1343 nt
822 1267 915 1343 adeo
947 1266 1050 1341 varia
1088 1263 1125 1343 ἅ

63 1365 304 1460 multiplicia,
343 1379 386 1440 ut
428 1365 639 1440 memoriam
679 1367 871 1442 humanam
910 1362 990 1438 rudi
1030 1363 1123 1455 anti·

64 1463 196 1558 quitati
215 1461 379 1558 superare
398 1461 629 1551 viderentur3
652 1459 800 1541 'forfitsn
819 1465 853 1537 u
870 1461 943 1558 ipse
960 1471 1123 1536 contem·
1190 1483 1195 1506 ¹
1252 1528 1265 1554 ,

65 1575 126 1636 tus
149 1583 269 1636 rerum
293 1558 621 1652 minutiffimarum,
656 1579 734 1655 qoae
760 1563 805 1636 ab
830 1559 1018 1636 incuriosis
1042 1557 1122 1632 nul·

64 1659 136 1732 lius
152 1658 261 1751 pretii
282 1656 568 1750 estimabantur,
592 1659 835 1752 querentibus
851 1664 905 1736 nri
919 1661 1022 1734 dano?
1063 1652 1123 1730 Ad

64 1754 274 1847 antiquiora
305 1753 402 1848 quod
427 1755 561 1829 attinet
584 1770 772 1850 tempora,
803 1752 943 1844 fateor,
974 1753 1035 1828 hic
1061 1753 1123 1826 vel

63 1853 141 1926 illic
158 1851 327 1948 quasdam
349 1852 506 1926 inveniri
531 1851 793 1948 descriptiones
815 1872 934 1927 rerum
951 1848 1123 1926 naturali·

62 1971 146 2040 um,
185 1947 244 2024 sed
273 1948 307 2022 dr
334 1949 371 2022 id
409 1965 636 2044 compertum
666 1949 808 2041 habco,
846 1945 917 2023 effe
942 1945 1023 2022 illas
1049 1959 1124 2022 tam

61 2067 209 2123 mancas
230 2047 265 2120 dr
288 2045 381 2120 adeo
405 2045 593 2136 confusas,
623 2062 667 2122 ut
690 2046 824 2123 exinde
855 2046 933 2122 fere
969 2043 1059 2120 nihil
1084 2045 1124 2118 in

64 2143 226 2223 nostram
247 2155 467 2220 convertere
492 2141 658 2239 poliimus
686 2143 905 2234 utilitatem,
933 2163 1013 2218 eum
1042 2139 1124 2216 nul·

65 2245 124 2318 los
141 2241 319 2318 terminos
335 2241 423 2316 artis
440 2255 564 2316 certos
591 2243 669 2336 eius
684 2239 792 2316 seculi
815 2241 1009 2338 scriptores
1034 2259 1124 2315 con·

66 2338 277 2432 diruerent,
310 2337 357 2414 de
392 2351 525 2414 cetero
551 2341 670 2414 nullus
698 2337 792 2414 ordo
814 2339 853 2416 in
888 2335 1124 2436 disponendis
1276 2349 1285 2386 l

65 2436 240 2529 obicitis,
279 2435 430 2532 systema
454 2437 591 2512 nullum
613 2435 722 2525 clieta
759 2435 870 2514 solam
900 2450 1024 2514 autern
1048 2451 1123 2510 me·

63 2531 219 2610 moriam
239 2547 299 2608 tot
319 2553 397 2610 nou
418 2531 576 2610 sufficere
597 2533 772 2628 obicilis,
799 2535 951 2630 quisque
965 2531 1049 2608 satis
1066 2531 1123 2604 ui·

63 2631 141 2706 det.
163 2631 232 2706 Uti
246 2653 338 2705 vero
353 2629 421 2721 illi,
440 2631 501 2726 qui
516 2631 683 2706 scientias
702 2630 896 2723 addiscere,
912 2647 1123 2726 operaepre·

65 2729 159 2804 tium
184 2729 343 2816 ducunt,
372 2729 534 2804 omnium
548 2729 671 2822 primo
685 2729 821 2802 debent
836 2729 975 2804 litteras
997 2727 1032 2800 ds
1053 2725 1124 2820 syl-

61 2828 165 2900 labas
181 2826 243 2900 libi
267 2823 417 2900 reddere
442 2826 657 2918 familiares,
690 2825 726 2900 dr
749 2825 893 2902 tandem
919 2823 992 2920 ipsa
1022 2842 1123 2898 com·

62 2944 206 3018 ponere
232 2923 363 3011 verber
393 2923 441 2998 iic
465 2924 574 3000 etiam
594 2921 627 2996 dr
652 2923 714 3018 qui
745 2938 883 2999 nature
905 2921 1123 3021 cognitione

63 3021 196 3136 imbuti
219 3018 287 3094 alie
304 3023 457 3134 uolunt,
488 3021 525 3095 id
544 3025 583 3095 in
607 3021 732 3134 primis
756 3041 867 3135 agere
890 3019 1124 3134 debentput

61 3117 334 3309 diliis:
353 3116 1122 3311 isitii,,silliniill‘lilltlln

61 3313 101 3386 dr
116 3312 291 3408 Lepidum
309 3313 558 3402 confiderent,
587 3311 779 3392 &taudem
803 3313 1009 3408 expendant
1027 3307 1120 3406 ipsus

59 3409 263 3502 systematis
287 3412 408 3507 leges,
433 3431 511 3506 que
529 3410 712 3486 continuo
726 3409 888 3488 indicant
905 3403 1040 3501 objecti
1056 3425 1121 3480 co-

57 3505 258 3604 gnoscendi
280 3506 442 3598 classem,
469 3507 656 3596 ordinem,
679 3529 813 3604 genus,
836 3505 1013 3599 speciem,
1046 3515 1119 3581 eet.

57 3603 134 3680 His
163 3604 224 3698 qui
249 3601 439 3680 instruiius
471 3605 583 3680 suerit
604 3605 757 3696 mediis,
783 3605 904 3699 primo
927 3603 1004 3680 fere
1025 3605 1121 3678 intu-

58 3701 118 3774 itu
138 3701 300 3797 agnoseit
316 3701 495 3778 individui
520 3723 644 3777 verum
663 3723 831 3794 nomem,
859 3701 892 3778 tr
914 3723 980 3796 per
1000 3715 1121 3776 totum

57 3814 237 3876 terramm
260 3799 388 3874 orbem
408 3799 658 3970 intelligi-‘biles
692 3802 842 3876 nomine
869 3817 985 3893 noto,
1013 3797 1124 3890 mno-

578 3919 600 3972 e
622 3928 649 3990 4
1010 3915 1123 3992 hyms
