2716 4748
265 209 339 279 400
522 183 746 262 MUNDUS
777 181 1076 267 INVISIBILIS.

267 365 458 442 animalem
483 379 704 461 commutata
725 365 902 458 formam,
925 363 1068 440 vidisset
1082 363 1279 442 botaniati·

267 466 348 549 cula
377 465 506 536 iterum
538 463 576 536 in
601 458 733 560 fungos
754 465 873 556 abire,
902 463 1035 553 idest,
1059 467 1280 538 motumamit·

265 577 345 638 tere
371 560 642 648 voluntarium,
669 559 847 652 crescere,
866 561 927 634 ubi
945 558 1027 636 satis
1047 561 1154 636 fuerit
1169 563 1281 636 alimen·

267 660 298 734 ti
318 658 477 749 humidi,
504 659 541 732 in
574 681 732 752 corpora
755 657 1002 756 magnitudine
1026 657 1170 750 capitis,
1195 659 1282 752 sicque

267 759 471 834 catenulam
497 751 704 850 ostendisset
741 780 804 848 per
831 771 949 828 totum
973 780 1042 830 nos
1066 753 1203 848 systema
1226 759 1284 832 suu·

267 875 395 954 gotum
418 850 670 926 deducentum.
721 849 883 928 FUNGI
904 869 1002 930 certe
1027 877 1045 926 a
1069 854 1190 928 ceteris
1206 875 1286 948 vege·

267 952 440 1030 tabilibus
466 953 620 1025 multum
641 949 836 1042 disserunt,
863 951 1074 1046 radicesque
1105 950 1288 1024 habontvir

267 1053 342 1128 hoc
375 1049 524 1124 nomine
557 1047 702 1141 dignas,
742 1070 822 1122 cum
858 1063 968 1124 tenue
998 1065 1133 1124 tantum
1162 1049 1289 1125 referant

269 1165 474 1224 tomentum
497 1141 712 1242 irregulare,
738 1147 836 1242 quod
860 1146 1057 1242 pauxillum
1079 1146 1186 1224 modo
1201 1143 1289 1220 huml-

270 1248 394 1324 ditatis
421 1259 559 1318 eterra
585 1243 704 1318 haurit
733 1244 888 1318 humida.
925 1241 1023 1321 Ne'c
1050 1243 1141 1320 solia
1161 1241 1289 1334 habent,

269 1370 341 1424 nec
374 1344 555 1436 analogon
581 1340 894 1432 fruslificationi's,
926 1336 1104 1417 ut'musci
1136 1336 1289 1417 &filices

271 1445 414 1538 Agarici
441 1440 537 1514 inter
564 1441 722 1538 lamellas
748 1441 856 1516 etiam
880 1439 1015 1516 habent
1038 1441 1238 1534 pulverem,
1256 1435 1291 1512 se·

270 1543 429 1618 minibus
449 1534 658 1632 Lycoperdi
683 1539 828 1612 similem
838 1592 850 1628 ‚
877 1537 937 1631 qui
954 1535 1093 1638 pariter⁴
1110 1537 1145 1610 in
1164 1557 1244 1630 aqua
1255 1549 1292 1608 ta·

269 1636 356 1734 pido
381 1631 603 1709 vivificatur.
655 1635 763 1712 Boleti
783 1633 855 1710 huc
882 1637 1080 1728 accedunt,
1109 1630 1168 1728 qui
1190 1633 1292 1706 satior·

272 1757 377 1812 ceum
403 1731 586 1826 quidpiam
609 1731 745 1808 bahent
767 1733 811 1808 ad
840 1755 972 1838 poros,
1023 1733 1068 1818 In¹
1088 1731 1210 1826 Praiza
1222 1733 1294 1806 lami·

265 1833 362 1930 fera,
390 1852 467 1926 qua
496 1829 533 1904 in
560 1825 767 1925 sepimentis
793 1829 911 1926 passiiu
939 1829 1081 1911 habitat
1105 1831 1150 1904 tr
1176 1843 1293 1923 magnas

271 1934 311 2008 in
330 1928 470 2025 cyathis
487 1923 594 2001 fovet
609 1929 747 2018 lentes,
774 1930 902 2006 modus
920 1951 997 2005 uon
1019 1928 1166 2021 concipi
1185 1923 1294 2020 potuit,

273 2051 347 2126 quo
373 2025 574 2123 ponderosa
586 2027 671 2120 ,ejus
696 2024 829 2102 semina
850 2049 870 2102 a
888 2027 974 2102 loco
998 2027 1042 2100 ad
1068 2019 1189 2101 lomim
1207 2041 1294 2097 trane

270 2129 453 2222 serantur:
481 2124 538 2198 sed
565 2122 658 2198 solvi
687 2125 784 2198 forte
814 2147 878 2219 per
907 2124 1063 2200 detectas
1093 2127 1156 2198 has
1176 2119 1295 2198 affinita-

272 2223 382 2302 tes&
401 2223 683 2318 propagationes
708 2222 929 2296 admirandas
950 2224 1023 2296 hoc
1047 2224 1195 2318 aenigma
1215 2229 1294 2312 pote·

273 2325 333 2400 rit.
387 2321 461 2393 Cur
482 2321 589 2393 unice
610 2319 685 2393 fere
712 2319 745 2394 dt
765 2319 982 2414 potissimum
998 2338 1150 2394 clitumno
1166 2315 1296 2394 crescant

273 2419 399 2512 fungi,
425 2417 543 2490 mirati
567 2415 648 2496 sunt
672 2417 836 2512 Physici3
869 2420 1055 2520 jamvero
1082 2417 1178 2490 ratio
1196 2423 1294 2509 patet,

273 2518 359 2612 quia
392 2511 527 2601 semina,
560 2515 690 2591 horum
718 2515 904 2590 humidum
936 2516 1127 2608 requirunt
1163 2511 1296 2608 tepidum

273 2613 316 2690 ad
347 2635 419 2686 ova
442 2611 686 2700 excludenda3
723 2635 840 2688 verno
866 2629 972 2706 atque
1001 2613 1129 2687 aestivo
1160 2625 1294 2702 tempore

256 2715 346 2812 ¹hoc
364 2709 544 2784 difficilius
564 2710 752 2804 procedit,
784 2712 834 2784 ob
859 2729 1009 2786 ventum
1027 2712 1197 2786 humores
1212 2703 1295 2780 erit·

272 2828 436 2894 cantem;
470 2822 546 2881 tum
572 2809 667 2882 enim
697 2809 821 2901 pluvia
844 2809 920 2882 cito
953 2807 1165 2883 absorbetur
1185 2828 1204 2880 a
1225 2817 1294 2878 tem

273 2907 522 2981 &exhalatur
556 2906 593 2978 in
625 2903 831 2999 superficie:
865 2924 1040 2980 autumno
1071 2901 1212 2994 autem,
1234 2905 1296 2974 aire

270 3007 456 3100 paululum
477 3001 711 3098 frigescente,
743 3019 858 3094 terra,
883 3003 1046 3098 quamvis
1073 3003 1206 3078 caloris
1227 3015 1297 3074 non·

270 3103 361 3178 nibil
383 3101 426 3172 ab
449 3099 568 3175 astate
585 3103 764 3191 retineat,
791 3115 910 3176 tamen
931 3099 1012 3192 post
1029 3102 1172 3194 pluvias
1189 3095 1298 3202 diutiss

271 3212 396 3274 manet
438 3195 753 3291 humida‚'atque
789 3201 880 3294 adeo
919 3199 1112 3273 seminibus
1153 3191 1297 3271 fovendo

252 3385 255 3395 A
272 3299 405 3393 aptior.
459 3297 582 3390 Atque
596 3296 681 3370 hinc
698 3297 804 3372 etiam
821 3296 885 3389 fit,
902 3313 944 3372 ut
965 3293 1127 3370 autumni
1146 3290 1299 3370 humidio-

271 3421 329 3472 res
360 3395 556 3486 majorem,
590 3417 695 3488 quam
724 3394 912 3488 sicciores,
946 3396 1141 3490 fungorum
1168 3393 1298 3468 habeant

271 3511 504 3588 proventum.
557 3490 726 3566 Mucorem
750 3494 857 3566 etiam
875 3495 944 3566 huc
966 3491 1075 3566 refert
1088 3491 1229 3564 illustris
1241 3483 1298 3559 du·

272 3591 372 3678 otor,
399 3605 478 3663 tota
501 3588 559 3663 sua
579 3607 707 3664 natura
724 3593 843 3686 fungis
854 3605 1049 3683 tantopere
1063 3581 1297 3690 adfinem;sut·

271 3689 326 3784 git
345 3689 404 3760 bic
423 3689 459 3762 in
481 3687 661 3781 stipitem,
694 3690 925 3764 terminatum
949 3689 1110 3782 capitulo
1137 3687 1195 3758 vel
1223 3699 1298 3772 capt·

272 3787 380 3872 tulis,
408 3805 485 3876 quae
506 3804 722 3881 rumpuntur
745 3801 807 3860 aut
829 3786 998 3859 fatiscunt
1014 3785 1050 3858 in
1068 3773 1297 3879 prrlveremle

272 3885 455 3976 mitialem,
473 3883 535 3978 qui
551 3883 679 3980 sponte
695 3884 835 3978 seritur,
860 3885 1055 3980 decorque,
1073 3882 1133 3958 cui
1151 3881 1300 4054 affici&
