2716 4748
303 124 540 244 ,MQNDUS
571 123 866 218 mulsimus&
1034 150 1102 226 391
1174 224 1179 239 Ι

46 305 249 385 cesceratem
283 305 520 394 intumescere
553 306 697 382 tandem
731 307 770 384 in
796 307 995 406 capsulam,
1028 325 1107 398 quo

44 409 190 480 demum
216 403 249 478 se
274 405 440 500 aperiens
465 405 524 480 sua
552 403 772 502 dispergeret
803 406 949 482 semina.
1017 405 1107 478 Haet

43 525 140 578 uero
166 504 225 596 qui
250 503 540 596 contemplatur,
573 523 651 578 non
676 501 795 598 potest
823 526 900 580 non
927 499 972 578 ad
997 522 1110 596 opera

45 599 262 676 conditoris
283 597 424 690 Optimi
442 598 648 676 admiranda
670 599 932 696 obstupescere.
992 598 1030 674 Si
1051 619 1109 672 res

44 697 229 792 ejusmodi
259 697 388 790 majori
413 700 511 773 mole
545 699 579 770 dt
602 697 640 774 in
669 697 743 794 ipsa
772 699 988 774 continente
1012 713 1109 772 terra

44 798 136 872 esset
151 793 348 892 produlia,
371 817 503 884 nemo,
528 807 568 870 ut
589 795 745 891 opinor,
773 796 865 872 adeo
887 795 988 872 foret
1007 797 1109 870 incu-

43 897 146 987 rius,
185 893 370 987 quinon,
408 893 451 966 ad
478 909 689 987 portentum
722 893 795 968 hoc
820 891 887 968 ads
905 893 1110 984 iciendum,

42 995 180 1088 longa,
198 990 306 1064 etiam
324 987 667 1078 cursu,'conficeret
686 991 829 1068 itinera.
868 919 1022 1088 iPingas,
1041 989 1111 1064 Le·

44 1091 128 1166 dlor
143 1085 307 1178 curiose,
325 1089 513 1178 arborem,
531 1111 631 1183 quet,
650 1089 737 1163 ioco
755 1089 952 1182 soliorum,
977 1089 1111 1164 florum

47 1189 83 1260 dt
103 1207 344 1284 gemmarum,
374 1209 443 1280 pro
469 1186 631 1284 gemmis,
647 1187 792 1284 lingulis
820 1202 932 1282 eaput
961 1187 1113 1262 haberet

46 1287 220 1382 exiguum
254 1284 333 1358 auis
357 1285 420 1358 vel
448 1285 538 1360 aliua
568 1283 754 1381 cujusdam
783 1283 970 1378 animalis,
1010 1283 1112 1358 collo

47 1380 259 1477 adherens,
283 1382 379 1474 quod
411 1381 610 1458 extendi&
638 1379 805 1458 contrahi
832 1381 968 1478 posset,
1004 1393 1113 1474 utque

44 1480 186 1577 singula
206 1479 281 1555 haec
297 1481 439 1572 capita,
472 1479 649 1556 continua
675 1479 841 1574 ustione,
879 1477 1113 1556 circumvoli-

47 1577 190 1680 tantia,
215 1575 334 1652 rollro
360 1589 485 1672 petere
514 1575 645 1652 insedit
671 1571 879 1672 vinumque
902 1577 976 1654 hoc
1000 1573 1113 1652 modo

47 1676 117 1750 srbi
139 1673 345 1770 adquirere:
371 1676 450 1766 quis
472 1696 593 1768 operae
616 1675 771 1769 pntiurn
796 1697 873 1752 non
889 1673 1054 1766 duceret,
1069 1669 1114 1748 ad

48 1775 130 1850 haec
148 1771 404 1868 consideranda
422 1771 504 1848 suos
522 1787 740 1848 convertere
760 1769 918 1850 oculos?
943 1769 1038 1876 Quis
1054 1771 1114 1846 ad·

49 1893 101 1945 eo
134 1869 294 1964 stupidus
346 1882 395 1965 lli
420 1869 495 1944 hec
529 1883 719 1947 contemtu
749 1872 934 1966 preterire
970 1865 1114 1966 pollet?

50 1967 162 2042 Talia
187 1967 276 2042 uero
300 1920 390 2048 sunt¹
406 1957 689 2044 ZOOPHYTA
709 1981 848 2046 tantum
871 1991 947 2044 non
965 1967 1114 2056 omnia,

45 2089 136 2159 ‚que
154 2065 333 2158 sylvarum
354 2063 464 2142 instar
482 2061 520 2140 in
538 2065 654 2139 fundo
671 2064 780 2140 maris
810 2063 996 2153 c'rescunt;
1023 2063 1114 2136 tales

52 2165 139 2240 sunt
154 2157 273 2257 Ifldt's,
296 2154 481 2256 Gorgonae,
509 2161 715 2252 Trtluloriae,
740 2161 903 2258 illustra,
931 2164 1114 2248 Corelliae,

54 2267 248 2338 Sertularie
268 2257 497 2355 &quaesunt
520 2261 653 2356 piures.
706 2257 797 2336 Cum
819 2259 931 2358 igitur
954 2258 1029 2349 iili,
1052 2257 1114 2352 qui

52 2363 220 2454 Polypos
240 2359 331 2433 adeo
348 2373 515 2432 accurate
531 2357 867 2440 consideraverant.
885 2359 997 2434 florea
1013 2355 1116 2432 vide·

55 2471 142 2534 rent
163 2457 459 2550 polypisormes,
484 2471 659 2552 perceptu
688 2458 841 2533 omuino
866 2453 1116 2533 difficillimum

55 2555 151 2645 fuit,
172 2568 250 2630 tum
264 2553 427 2648 Polypus
444 2551 504 2628 seu
520 2553 703 2628 Animalia
721 2577 742 2627 a
758 2551 927 2628 Coralliis
946 2552 1116 2650 produci,

58 2671 136 2726 tum
153 2652 261 2726 etiam
277 2651 439 2748 Polypus
457 2674 592 2744 corpus
611 2650 676 2724 ade
729 2651 893 2746 regulare
920 2649 1117 2728 constitue·

57 2775 101 2826 re
118 2749 237 2844 posse,
255 2751 359 2844 quale
385 2749 423 2824 in
442 2747 633 2852 Gorgonia
655 2673 839 2838 isabella,
853 2747 1044 2842 Alcyopio
1063 2768 1117 2824 ar·

56 2851 193 2937 boreo,
210 2845 297 2922 Iside
315 2842 517 2942 Hippuride
536 2837 686 2938 aliisque
703 2845 935 2939 conspicitur.
987 2845 1118 2940 super·

56 2949 134 3022 suit
155 2945 281 3040 igitur,
323 2960 363 3020 ut
393 2941 589 3020 crederem·
615 2943 684 3017 hos
715 2945 825 3018 flores
851 2945 1031 3048 animatos
1058 2943 1118 3018 seu

56 3043 265 3138 Polypiuoa
285 3039 354 3116 eise
374 3041 622 3130 adventitios,
646 3039 855 3134 Zouphytis
872 3041 1117 3132 adherentes,

57 3159 105 3218 ut
130 3163 175 3214 ex
201 3139 255 3214 his
283 3141 525 3231 nutrirentur,
559 3138 858 3230 quemadmodum
887 3141 997 3214 larue
1022 3137 1117 3213 Inse-

61 3239 242 3314 &oroma
259 3238 328 3312 suis
344 3239 489 3330 plantis.
540 3237 626 3310 Hoc
645 3259 737 3310 uero
753 3237 1011 3311 controversie
1030 3255 1118 3329 opt·

61 3337 215 3428 rosrori,
233 3337 389 3412 maxime
407 3338 502 3410 inter
516 3335 619 3408 viros
639 3332 938 3432 adcuratifflmos,
957 3329 1120 3408 Ellifium
1140 3395 1144 3404 .

64 3435 99 3507 dt
115 3433 319 3518 Basterum,
348 3435 512 3532 agitatae,
538 3431 637 3506 dedit
657 3433 905 3520 occasionem,
933 3431 1052 3505 donec
1069 3429 1118 3503 D.

64 3534 193 3630 Prescs
213 3533 247 3606 in
267 3533 402 3626 system.
423 3533 506 3606 Nat
525 3535 599 3605 edit.
614 3553 670 3604 ro.
692 3553 766 3604 rem
788 3529 1003 3618 conficeret,
1022 3527 1121 3621 quod

63 3651 197 3724 nempe
223 3629 259 3704 in
286 3629 341 3704 his
365 3629 593 3722 Zoophytis,
620 3629 742 3720 planta
768 3625 855 3701 esset
882 3625 1120 3723 vegetabilis,

54 3729 123 3802 'sed
142 3731 212 3804 flos
229 3729 413 3820 animatis,
438 3727 534 3802 unde
551 3727 684 3800 clarior
702 3745 847 3819 quoque
865 3723 1005 3800 accesit
1023 3723 1122 3796 Zoo·

594 3823 655 3896 Bb
683 3846 707 3914 a
1028 3819 1121 3918 ehu
