2688 4752
251 103 320 188 198
511 87 771 168 vomitos
806 89 1052 170 ctoouun.

252 265 395 365 coneuffo
409 274 616 366 permanserit
633 275 803 358 ualetudo,
830 279 930 346 monis
940 269 1073 362 ferendo
1084 267 1219 362 fortune
1232 272 1296 344 uin·

252 371 349 441 cordo
368 370 432 463 eii,
457 375 638 463 ualidisque
657 371 846 463 sustinendo
865 375 1004 444 bumeris
1025 385 1121 462 otqroe
1144 371 1295 440 luteribus.

252 465 347 538 Hine
384 491 473 560 queen
512 476 650 540 omnium
669 469 756 565 sepe
780 475 1022 563 pauperrimum
1052 469 1219 552 hebenus,
1250 467 1300 538 ubi

243 563 386 661 sonitore
409 569 526 657 gaudet
555 592 592 638 oc
609 563 709 658 firmo
740 572 882 659 corporis
912 567 1040 646 robore,
1075 561 1300 660 ditiffimus,fi

236 663 331 760 „quid
350 665 461 747 uideo,
486 671 597 737 verius
619 667 815 757 protuetur
838 678 979 758 oportet,
1002 678 1112 757 utpote
1134 667 1189 755 qui
1201 661 1298 754 splen

254 761 360 831 bidom
382 765 521 832 oliorum
536 762 718 854 miserium,
739 760 898 855 ipfiusque
915 765 968 831 vel
987 761 1124 855 Censoris
1144 763 1196 832 uei
1210 755 1300 846 Croess

253 864 439 947 egrotantis
452 857 621 948 fortunam
643 860 792 952 cmnsuo
810 862 895 932 toret
907 858 987 950 ¹[terte
1008 859 1222 930 commutabit.
1258 854 1298 926 lt-

255 958 408 1046 inigitur
428 959 589 1042 Scientie‚
610 981 703 1049 quom
722 957 867 1029 Diotom
882 962 1102 1039 nominamus,
1126 952 1297 1047 intersum·

253 1075 303 1124 me
324 1049 511 1148 neceffleeios
533 1054 770 1151 utidiffionosque
784 1060 896 1126 merito
911 1055 1108 1125 numerando
1130 1051 1195 1138 eli,
1221 1056 1296 1140 qeeip·

248 1165 293 1248 pe
318 1173 386 1244 que
399 1153 473 1247 solo
494 1159 596 1225 uitem
615 1155 704 1225 nobis
720 1171 915 1248 prorogare,
940 1175 978 1223 oe
993 1150 1116 1241 foedom
1136 1150 1298 1220 morborum

247 1252 460 1344 pbalangem,
496 1274 535 1322 ne
571 1265 760 1344 erumpent,
797 1251 958 1344 auspicato
981 1251 1151 1343 probibere
1182 1250 1295 1339 poterit.

142 1421 145 1425 .
255 1345 350 1420 Hine
375 1353 492 1420 mirori
512 1345 652 1442 proseiio
660 1349 790 1442 subest,
810 1351 891 1439 quod
906 1347 1024 1436 ibbone
1043 1349 1227 1424 Soieutiom,
1240 1360 1296 1434 que

255 1445 352 1534 bujus
368 1443 616 1533 fondamentum
639 1451 718 1520 uite
736 1443 909 1534 felicitatis
926 1450 1036 1537 ponit,
1064 1465 1127 1514 non
1145 1462 1241 1512 omnes
1259 1460 1297 1507 eo·

257 1545 326 1614 dem
340 1542 591 1634 nisu-(budioque
607 1547 792 1629 didicerint,
815 1566 871 1615 nec
888 1566 922 1615 re
938 1541 1295 1635 ipsa-tottiodtttgmoo

256 1646 470 1710 exercuerint.
511 1639 563 1711 Ae
578 1639 666 1732 forte
690 1647 773 1711 totio
794 1648 829 1714 in
843 1655 972 1734 promtu
988 1639 1052 1730 est:
1072 1643 1222 1712 nimirum
1237 1630 1298 1730 Ju-

257 1758 374 1820 vents,
401 1744 572 1809 etiamnum
600 1745 706 1830 vegeti
721 1735 882 1832 firmoque
894 1741 1027 1834 proditi
1044 1737 1245 1814 valetudiue,
1268 1729 1298 1798 de

258 1836 534 1930 omnesones
554 1835 742 1930 fragititate
769 1861 810 1908 ne
834 1836 996 1927 sunniam
1025 1837 1170 1929 quidun,
1201 1830 1297 1900 rredtm

250 1929 342 2030 serio
370 1939 531 2025 cogitant,
558 1940 679 2010 doenum
706 1940 779 2007 iicet
803 1935 946 2028 seniores
971 1935 1197 2025 debilioresque
1214 1923 1297 2020 smus!

253 2027 338 2122 faut
356 2036 420 2103 bete
436 2037 570 2122 qteerulo
584 2037 704 2127 jactent
724 2047 820 2105 voto:

258 2139 260 2144 “
359 2131 484 2201 Omibi
500 2139 681 2223 promeritos
700 2129 822 2221 reserat
834 2128 868 2221 fi
885 2124 1025 2224 Jupiter
1044 2127 1167 2208 erutos!

261 2222 403 2324 Justum
417 2229 557 2318 ¹seruituti
582 2237 724 2320 pretium
736 2229 881 2318 stotoure
906 2228 1019 2298 didicit
1035 2221 1112 2314 sere
1129 2244 1231 2303 neure,
1249 2209 1297 2304 tufi

261 2331 318 2416 qrei
339 2329 429 2395 iilum
452 2323 625 2414 defiderot‚
651 2328 815 2419 morboque
839 2327 1025 2417 impbiootur
1045 2323 1235 2398 uebementi‚·
1254 2333 1295 2381 nt·

261 2443 320 2514 que
342 2435 503 2514 emrtopere
527 2428 692 2514 quisquam
699 2422 763 2517 suo
780 2425 898 2514 gaudet
916 2445 953 2491 oe
972 2410 1294 2510 torenersentoriflt·

262 2530 321 2601 tu,
344 2521 599 2610 quemadmodum
618 2523 692 2604 ilde,
715 2527 771 2613 qui
796 2543 836 2592 ex
858 2519 964 2590 morbo
984 2533 1086 2610 nuper
1100 2513 1217 2612 peffimo
1233 2526 1294 2600 grt-

263 2611 441 2709 uiffimoque
457 2621 632 2689 convaluit.
686 2615 782 2720 ¹Quod
792 2616 826 2710 fi
842 2623 952 2689 uiuam
970 2638 1075 2687 ornnes
1098 2615 1191 2706 bujus
1208 2606 1293 2697 cogui-

261 2719 376 2785 tionem
404 2717 607 2800 boberemus,
640 2722 717 2808 quin
741 2719 842 2787 nneito
868 2736 1083 2786 mereeremzer
1114 2713 1233 2783 coortos
1256 2713 1294 2770 td·

263 2833 322 2905 que
338 2815 552 2904 prudentius,
578 2837 640 2885 nore
657 2815 797 2907 equidem
814 2815 933 2884 dubito.
989 2810 1161 2882 Miremur
1186 2801 1293 2878 Printt'·

257 2925 317 3006 pes
327 2909 414 3002 scope
425 2909 666 3005 potenteffimot,
684 2916 879 3003 hominesque
897 2909 1109 3002 odsummum
1123 2907 1239 2978 bonorit
1249 2890 1294 2982 si·

255 3007 394 3100 fligium
417 3010 558 3090 coetus,
585 3010 622 3079 de
643 3010 766 3094 eodem,
790 3008 981 3101 quodsum
1006 3009 1090 3078 baud
1112 3006 1216 3075 norint
1231 2990 1294 3084 seli·

265 3109 412 3188 citatem,
442 3106 591 3189 detrudi,
623 3129 660 3177 oe
676 3110 860 3199 precipites
875 3119 1024 3196 tanquam
1041 3109 1117 3194 ogi‚·
1148 3097 1294 3172 Hominem

264 3225 361 3283 vero,
391 3208 521 3274 unicum
541 3205 700 3275 bibentem
720 3218 853 3295 eorpus,
872 3201 945 3296 ‘fue
964 3195 1153 3294 emruniffum
1171 3210 1246 3266 euro
1264 3201 1293 3254 ti

260 3306 432 3391 regimini,
456 3301 493 3370 de
508 3300 602 3392 statu
622 3301 778 3395 sanitatis
792 3288 989 3394 seiiciffirno,
1016 3305 1050 3376 in
1070 3300 1228 3370 interitum
1250 3300 1292 3354 us·

264 3421 343 3493 que,
370 3401 569 3470 immoderate
592 3402 626 3471 id
643 3399 864 3491 gubernendo,
890 3402 1112 3490 precipitare,
1135 3411 1188 3464 nec
1206 3395 1292 3456 nou

264 3499 349 3568 diitu
376 3503 572 3590 inopinatum
586 3511 680 3589 oeque
697 3498 842 3566 mirabile
859 3502 1005 3587 cuiquem
1020 3496 1156 3566 obvenit.
1189 3483 1293 3556 Idcirco

263 3597 352 3668 nubis
368 3618 527 3685 neritonum
535 3599 593 3690 sot
608 3597 651 3679 &²
670 3596 792 3666 altitude
803 3592 990 3687 persuasum
1006 3597 1087 3675 erit,
1111 3582 1292 3660 Dteurtcoo

262 3697 405 3787 eorporis
426 3693 630 3782 oefeuitotis
652 3715 762 3766 eeerom
786 3697 820 3766 in
841 3696 925 3764 omni
945 3696 1019 3763 uita
1039 3691 1179 3785 opprime
1201 3676 1292 3750 uttoo

261 3785 320 3886 effi
341 3813 378 3862 oc
399 3785 610 3882 mutilorum.

1196 3875 1227 3966 ς.
1267 3853 1289 3930 Ι.
