2770 4752
244 139 330 209 ,424
396 111 543 190 .'USUS
567 107 826 186 HlstotuAE
852 103 1164 184 NATURALIS.

243 293 442 386 ,expellere
457 292 614 382 reliquas
630 291 783 384 plantas.
833 277 939 362 Ast'e
958 284 1146 360 contrario
1164 281 1329 359 multum

257 387 625 478 deberentmuscis,
662 389 687 462 ll
716 384 971 461 tantummodo
1003 396 1140 458 namra
1169 379 1329 478 scopam

257 485 693 585 perspediumbaberent3
721 498 851 582 tegunt
879 483 973 557 enirn
1002 479 1057 553 isti
1083 495 1241 568 terram,
1279 503 1332 554 ne

260 586 306 662 ab
325 584 465 658 ardenti
496 582 593 657 Sirio
615 582 840 658 exsiccentur
868 581 1057 654 herbarum
1079 577 1249 666 radices,
1283 601 1334 650 ne

260 707 283 760 a
312 682 449 776 frigore
483 680 591 756 nimis
624 678 939 773 constringantur,
963 677 996 750 dt
1026 698 1081 749 ne
1104 674 1334 750 subtilissrma

260 780 418 856 dedalea
442 779 572 854 burnus
592 800 613 853 a
636 778 761 854 ventis
786 777 826 850 in
854 796 915 850 aas
938 773 1129 870 dejiciatur
1152 770 1223 846 dte.
1304 871 1311 893 .

354 1007 519 1106 SEPES,
539 1015 752 1092 ornamenta
770 1030 944 1090 terrarum
959 1013 1162 1090 australium
1178 1011 1214 1086 dt
1228 1035 1336 1088 com·

263 1115 395 1206 moda,
429 1115 571 1211 pulsent
593 1116 702 1190 etiarn
725 1115 762 1190 in
785 1112 1126 1207 septentrionalibus
1151 1132 1237 1186 cum
1258 1111 1335 1186 suc·

264 1214 360 1291 cesso
378 1215 553 1308 plantari3
583 1235 663 1288 curn
681 1233 773 1285 vero
791 1225 886 1285 terra
903 1211 1040 1304 quaevis
1057 1209 1232 1304 proprios
1253 1221 1333 1285 tan·

263 1329 343 1387 tum
365 1312 532 1386 admittat
552 1311 725 1400 frutices,
757 1311 885 1401 nequit
911 1309 1039 1404 vulgus
1069 1309 1120 1380 rei
1142 1308 1332 1380 butanica

123 1413 125 1418 ’
265 1410 430 1505 ignarum
452 1409 514 1482 has
539 1409 736 1496 adornare,
775 1407 930 1500 ideoque
961 1405 1156 1478 etiamnum
1190 1403 1329 1479 deside·

265 1519 392 1582 rantur
425 1505 606 1598 plerisque
645 1506 680 1580 in
712 1505 817 1580 loeis.
884 1501 1095 1578 condendis
1127 1502 1200 1576 illis
1235 1501 1330 1576 varii

266 1605 398 1678 danutr
420 1603 570 1677 frutices
596 1600 784 1697 aptillimi,
820 1601 907 1677 licet
929 1622 1007 1676 non
1032 1601 1199 1675 succedat
1222 1599 1332 1676 adot-
1381 1595 1382 1602 ‘

266 1721 355 1780 nare
380 1721 441 1775 eas
467 1700 504 1777 in
522 1698 875 1794 septentrionalibus
893 1700 968 1772 oris
990 1720 1036 1774 ex
1055 1699 1174 1793 Agaue
1192 1697 1330 1775 Ameri-

267 1821 367 1886 cana,
393 1797 446 1871 uti
465 1798 502 1873 in
520 1797 722 1887 Lusitania,
748 1813 810 1870 aut
826 1819 868 1869 ex
889 1797 1050 1871 Brmnelr'a
1068 1799 1226 1883 Ceratas,
1249 1817 1333 1887 quae

268 1894 493 1984 inserviunt,
518 1897 606 1970 loco
626 1897 835 1992 *ligneorum
862 1893 1019 1986 sepium,
1048 1894 1333 1990 Jamaicenfibus

269 1993 403 2070 incolis
427 2015 625 2086 eorumque
652 1994 845 2088 pecoribus
872 1991 1108 2066 defendendis
1131 1991 1175 2063 ab
1199 1989 1334 2064 estivo

252 2093 406 2169 ¹calore.
471 2090 527 2165 Ex
565 2095 657 2165 Collo
680 2111 770 2163 vero
797 2091 830 2162 dt
857 2092 1045 2188 Euphorbio
1070 2088 1176 2164 etiam
1207 2089 1331 2162 muni-

270 2202 392 2263 menta
420 2189 561 2262 urbium
590 2201 718 2264 contra
748 2187 959 2281 inopinatos
986 2185 1139 2261 hostium
1167 2187 1332 2281 impetus

270 2283 487 2360 construunt
509 2284 645 2366 ,insule
661 2283 839 2364 Eustachii
860 2285 1102 2369 habitatores,
1129 2283 1218 2358 telle
1246 2283 1331 2378 Jac·
1381 2309 1382 2322 ¹

272 2381 398 2475 quino.
450 2379 539 2456 Non
566 2381 740 2460 deficiunt
761 2397 880 2456 tamen
905 2383 1013 2456 nobis
1036 2383 1184 2468 limtles,
1217 2401 1253 2454 e.
1271 2400 1327 2475 gr.

276 2481 506 2573 Oxyatrrntbn,
525 2483 698 2568 Berberis,
718 2475 946 2575 Groffulariae,
968 2479 1099 2568 Fratri,
1118 2479 1326 2576 Hipprpbat‘,

272 2577 384 2664 Rubi,
420 2577 589 2670 aliaque,
630 2600 708 2670 quae
733 2577 960 2652 commodam
983 2575 1250 2651 subministrant
1274 2573 1326 2648 se·

272 2674 379 2770 pibus
405 2675 612 2764 materiam,
638 2695 785 2770 quarum
816 2689 959 2767 tamen,
994 2697 1062 2771 pro
1084 2673 1232 2750 diverfis
1260 2673 1325 2750 soli

272 2769 486 2870 genetibus,
510 2769 590 2848 fieti
605 2770 715 2846 debet
734 2771 904 2850 delectus.

372 2999 552 3097 Displicet
569 3002 675 3077 valde
694 3005 918 3098 plebeiorum
934 3003 1121 3080 hominum
1136 3025 1230 3094 mos,
1248 3025 1327 3080 non

272 3099 395 3174 modo.
422 3102 460 3177 in
495 3100 664 3182 carillima
693 3123 772 3176 mea
799 3104 933 3196 patria,
969 3102 1028 3176 sed
1055 3101 1089 3175 dt
1113 3102 1152 3176 in
1182 3103 1248 3175 bac
1271 3125 1327 3175 re·

273 3197 405 3292 gione,
437 3221 545 3294 quum
563 3199 688 3274 estivo
711 3216 876 3292 ternpore
891 3197 1127 3276 domunculas
1149 3199 1213 3273 libi
1236 3219 1327 3274 con·

273 3293 404 3372 ficiunt
439 3318 486 3370 ex
520 3297 615 3369 vivis
644 3295 866 3391 abscissisque
890 3313 953 3374 aut
988 3299 1096 3371 ramis
1124 3295 1325 3389 nondous,

274 3406 338 3466 aut
355 3394 505 3492 integris
521 3393 735 3484 arbusculis,
765 3394 802 3469 in
827 3395 932 3469 unius
952 3391 1024 3468 dici
1043 3393 1233 3497 gaudium,
1261 3411 1326 3467 aut

258 3492 383 3563 *etiam
409 3506 494 3566 aute
518 3507 663 3582 portas,
704 3491 831 3566 diebus
858 3491 1018 3580 festivis,
1045 3493 1232 3568 collocant
1264 3493 1324 3564 de·

274 3598 457 3664 truncatas
479 3587 646 3676 Betulas‚
673 3606 735 3662 aut
757 3589 930 3677 Abietes,
957 3611 1035 3683 quae
1059 3587 1163 3663 brevi
1188 3609 1323 3664 marce·
1381 3589 1382 3648 ἓ

270 3678 395 3770 scunt;
432 3683 490 3758 sed
526 3686 550 3761 sr
576 3685 692 3760 intelli
717 3701 843 3776 erent,
875 3701 940 3760 aut
971 3687 1147 3780 quispiam
1179 3709 1245 3760 eos
1268 3685 1324 3762 in·
1381 3689 1382 3760 l

167 3813 172 3832 ·
269 3773 444 3872 strueret,
471 3803 634 3878 quanam
655 3708 803 3862 augures
817 3783 961 3880 pollent
983 3785 1021 3860 in
1035 3781 1128 3860 loeis
1145 3783 1323 3896 ruderartis

1014 3899 1021 3914 ·
1221 3902 1320 3978 urge·
