2688 4752
160 197 541 280 auuuanmnan
567 158 991 282 nutouotoau'n
1035 221 1105 302 tu

142 383 193 458 V.
226 377 627 456 HYMENOPTERA
668 391 802 476 preter
834 395 995 478 quatuor
1014 381 1108 459 niae

44 483 337 558 membranaceas
358 481 522 554 aculeum
539 477 676 554 habent
696 479 736 555 in
753 482 890 575 cauda,
907 481 971 576 qui
987 493 1109 558 tamen

44 601 122 656 non
154 577 292 672 semper
322 575 375 656 est
404 576 449 652 ad
474 576 738 658 vulnerandum
766 593 895 674 aptue3
929 579 1109 657 nonnulla

46 679 143 752 enim
172 677 247 750 hoc
274 687 416 752 tantum
441 687 595 752 utuntur
625 675 670 750 ad
692 679 875 771 corticea,
909 677 1022 770 folia,
1046 690 1111 751 aut

46 773 282 852 insedaaiia·
303 771 519 868 pungenda,
558 788 601 848 ut
633 773 671 848 in
704 775 762 852 hit
799 797 875 851 ova
899 777 1109 872 deponant,

45 897 75 949 e.
94 897 132 972 g.
161 873 340 968 Cynops,
365 870 605 963 Teuthrone,
631 871 1020 964 Sirex,1chneumon.

139 971 210 1046 vi.
236 969 463 1056 DIPTERA
484 991 550 1064 per
572 970 662 1046 duas
681 971 773 1060 (nee
793 965 970 1066 quatuor)
993 975 1067 1048 aiae
1088 981 1111 1047 a

43 1071 177 1146 ceteris
193 1067 303 1144 facile
323 1065 597 1164 dignoscuntur,
620 1069 798 1164 imprimis
814 1085 934 1146 autem
948 1070 1017 1150 suit
1033 1069 1109 1144 hai-

44 1170 205 1257 teribus,
231 1179 275 1242 ut
293 1166 378 1240 Mas
397 1165 543 1242 Coccna
562 1167 633 1242 huc
648 1167 777 1242 reiemi
796 1183 965 1263 nequeat.

136 1263 228 1344 vll.
254 1261 459 1342 APTERA
478 1286 525 1340 ex
542 1285 590 1340 eu
607 1279 720 1360 nota,
746 1264 846 1361 quod
864 1265 931 1343 alia
947 1277 1108 1346 careant.

297 1445 303 1456 ·
467 1424 575 1519 cna.
626 1440 696 1518 ιν.
846 1508 850 1519 .

138 1541 349 1630 subdivisio
368 1575 542 1651 generum
564 1553 608 1630 fit
625 1553 867 1632 diveriimode
881 1577 949 1654 per
965 1551 1111 1636 oum.

40 1649 142 1728 'NES
171 1653 348 1746 diversos,
1212 1723 1216 1741 ,

141 1748 608 1848 Coienpteredistinguuntur
621 1748 815 1828 secundum
829 1769 1111 1852 antennaqquaa

44 1849 123 1926 sunt
144 1851 208 1922 vel
227 1847 442 1943 informes,
466 1850 529 1922 vel
546 1848 720 1940 ciavatae,
749 1853 811 1924 vei
828 1849 987 1928 setacee.

141 1945 339 2045 Heniptera
369 1945 522 2022 induas
560 1947 697 2022 abeunt
730 1947 947 2046 phalanges,
976 1971 1112 2048 nempe

47 2049 254 2120 veientum
278 2045 341 2138 qui
363 2067 406 2119 os
423 2043 559 2119 habent
573 2043 797 2140 maxiiiosum,
827 2059 892 2121 aut
912 2049 1110 2142 miratum,

49 2143 171 2220 &hoc
192 2143 347 2220 rostrum
370 2143 432 2218 sub
449 2163 516 2216 ore
537 2141 713 2216 reflexum
731 2155 795 2216 aut
834 2142 992 2220 euoraie
1010 2145 1065 2221 fit.

138 2243 361 2341 Leptinptera
384 2239 563 2316 differunt
586 2239 780 2316 iucundum
805 2165 957 2339 figuram
983 2257 1110 2324 anten-

47 2361 188 2418 aarum.

140 2439 355 2534 Neuroptera
369 2433 564 2514 secundum
580 2457 625 2510 ue
642 2435 870 2532 edentulum,
878 2439 1112 2518 muiumuil·

47 2537 187 2626 iusum,
212 2535 460 2626 bidentatum,
490 2551 554 2610 aut
574 2531 781 2610 nostratum.
851 2557 854 2566 ¹

144 2635 390 2732 Hpmenoptera
431 2634 626 2710 secundum
670 2635 837 2710 aculeum
877 2633 1113 2730 punitorium
1242 2609 1254 2630 ⁶

48 2737 108 2811 vei
131 2734 273 2810 mitem.

144 2833 294 2928 Diptera
307 2829 345 2906 in
360 2826 697 2906 rostrata&tostiia
706 2825 877 2904 destituta
885 2827 1112 2908 dividuntur.

141 2929 276 3028 Aptera
293 2929 331 3003 in
348 2949 412 3018 ea,
431 2949 509 3022 que
525 2925 608 3022 sex,
625 2925 736 3020 otio,
753 2927 1031 3022 quatuordeeim
1049 2944 1114 3008 aut

48 3029 174 3126 piures
194 3027 330 3101 habent
343 3026 476 3118 pedae.

149 3125 224 3200 Sed
247 3123 509 3199 GENERUM
537 3123 731 3200 cimiteres
763 3143 921 3218 omna,
954 3123 1017 3220 qui
1040 3125 1114 3222 legi

49 3223 201 3322 poffunt
226 3221 263 3298 in
290 3221 339 3296 D.
359 3221 517 3297 Preidis
536 3219 737 3316 systemate
752 3221 928 3314 Nature,
952 3221 1038 3298 heic
1054 3223 1114 3298 ad·

47 3325 146 3399 terre
165 3335 259 3416 opus
283 3337 474 3415 operatum
494 3319 615 3411 foret3
637 3318 851 3402 Nominaiie
871 3319 1021 3396 sufficiat
1041 3319 1114 3394 Ge·

47 3443 138 3496 nera
165 3419 307 3514 aliquot
335 3439 436 3498 nova
468 3413 683 3494 infestorum
710 3419 805 3514 apud
829 3417 1042 3496 noviffimoa
1058 3416 1113 3514 iy-

46 3517 287 3607 stematieoa,
313 3537 362 3592 ne
380 3517 484 3591 tricis
505 3515 561 3592 hia
588 3514 787 3592 initiandus
821 3515 998 3612 quispiam
1024 3537 1115 3594 con·

47 3616 235 3692 iandautr.
299 3613 561 3691 Recentiorum
590 3613 700 3708 aliqui
732 3613 798 3706 soii
831 3615 936 3706 sunt,
966 3615 1029 3708 qui
1053 3636 1115 3713 ge·

46 3735 139 3791 nera
165 3711 345 3806 ejusmodi
374 3711 598 3804 formarunt,
626 3711 754 3808 hisque
776 3733 877 3790 nova
899 3711 1116 3788 addiderunt

46 3811 214 3888 nomina.
267 3808 327 3884 Ad
342 3808 588 3886 difficultatem
612 3807 707 3884 hanc
725 3811 922 3888 tollendam
943 3809 1116 3906 seponam

45 3913 208 4008 primum
225 3907 401 4002 nomina,
431 3931 510 4006 que
526 3929 604 3986 non
620 3907 700 3982 sunt
722 3908 786 3986 niii
804 3911 1017 4006 synonyma.

569 4005 649 4098 Ks
1010 4007 1113 4102 Synt-
