2770 4752
255 127 329 208 454
344 97 1303 187 nuenssruns'nrsnon.·nnrun.·nossrn.

257 293 355 390 piarn
369 288 550 363 'irurnenti
570 284 664 382 apud
679 283 854 358 Sibiricos
873 280 1073 377 provenire
1098 283 1326 376 quotannis,

176 397 180 414 ·
258 387 472 463 &divendi
506 387 543 459 ln
570 385 777 480 peregrinas
816 382 1004 476 regiones:
1048 378 1104 454 sed
1136 391 1328 475 quantum

261 488 371 579 copia
391 501 466 557 rum
499 483 684 577 prodiret,
709 481 732 554 sr
757 491 883 552 natura
910 489 987 551 crte
1010 476 1154 572 insuper
1175 479 1329 571 juvare·

260 579 349 658 tur?
374 580 473 654 ‘l’unr
492 594 605 667 certe,
627 591 727 652 totus
743 591 953 666 terraqucus
968 573 1094 648 noster
1101 575 1247 670 globus,
1268 574 1328 649 so·

261 683 296 756 ln
322 677 531 752 Sibiriarurn
553 675 707 750 naturali
731 673 922 747 fertilitate
944 673 1086 765 impleri
1120 671 1223 744 &cli
1258 695 1328 766 pu·

260 775 394 852 tuillct.
448 778 588 878 Quaene
612 771 731 847 fuill'et
753 770 871 866 gloria
894 770 996 866 regni
1022 767 1159 860 nostri,
1194 791 1328 863 quaenc

261 874 357 951 tama
377 871 565 946 nationis?
605 869 760 945 fisclum
789 866 943 942 studium
966 865 1124 941 historin
1148 867 1327 942 naturalis

261 992 487 1066 promovere
516 970 552 1041 in
576 967 694 1041 Patria
717 963 887 1040 curissima
913 966 1099 1040 vellemus.
1158 966 1238 1060 Jam
1264 964 1329 1038 de·

261 1071 343 1144 srno
371 1087 581 1140 enumcrare
608 1065 668 1137 illa
691 1063 905 1154 commoda,
937 1083 1015 1157 quae
1044 1063 1159 1156 recipi
1191 1061 1327 1138 exinde

262 1163 419 1260 pollent.
485 1165 563 1259 Jnm
597 1161 687 1238 nihil
716 1163 849 1252 loquor
882 1161 927 1233 dc
957 1160 1164 1235 crnoenitntc
1196 1159 1327 1236 studii:

263 1261 339 1338 hoc
372 1261 489 1338 solum
527 1262 665 1349 dicam,
699 1260 836 1334 nullum
865 1258 930 1331 illo
960 1257 1134 1334 amoeuius
1162 1257 1258 1352 eisc,
1292 1256 1328 1334 ἀ

263 1371 340 1437 ttrn
362 1360 452 1435 utile
475 1359 661 1436 iunctura
682 1357 831 1431 nullum.

363 1645 500 1725 Incidit
519 1647 622 1739 mihi,
650 1648 733 1723 dum
753 1647 829 1722 haec
847 1646 979 1737 scribo,
1003 1645 1212 1721 observatio
1231 1667 1329 1742 quo·

268 1747 350 1822 darn
380 1749 477 1821 circa
508 1747 648 1841 plantas
678 1744 838 1834 nostras,
876 1758 1005 1818 notatu
1038 1745 1130 1818 haud
1154 1743 1326 1840 indigna,

270 1868 350 1940 quae
377 1845 414 1921 in
444 1842 691 1919 florentillnnu
717 1839 898 1918 Musarum
928 1841 1173 1935 Upsnlienium
1213 1841 1328 1916 horto

264 1943 425 2040 primurn
459 1939 550 2016 facta
590 1941 662 2031 cst,
702 1959 879 2035 quamque
917 1939 990 2014 hoc
1022 1961 1208 2034 apponere
1237 1939 1327 2014 lucc

270 2043 426 2114 urnnino
451 2060 571 2132 operae
600 2040 755 2133 pretium
780 2037 898 2126 duc0‚
931 2037 1061 2130 pluntae
1086 2037 1159 2111 scil.
1191 2035 1328 2114 caedem

271 2139 404 2212 nostru
430 2159 515 2208 -curn
539 2135 749 2229 Europaeis‚
792 2155 813 2207 e
841 2134 973 2210 Sibiria
1002 2157 1068 2230 pen
1092 2133 1226 2208 semina
1257 2134 1327 2210 huc

273 2235 403 2319 aliaue,
421 2248 551 2321 utpote
570 2234 784 2306 Polemonium
801 2237 982 2318 curulum,
999 2232 1130 2308 Attica
1145 2231 1327 2325 officinaiir,

280 2325 474 2404 Tannetum
490 2333 638 2423 uulgare,
659 2331 813 2425 Hqsprris
836 2335 1043 2420 matronalis,
1067 2345 1145 2404 caet
1163 2351 1246 2423 quae
1271 2329 1328 2404 ud·

273 2423 345 2499 huc
365 2424 577 2497 admirandae
596 2426 632 2498 in
648 2426 760 2499 horto
778 2428 999 2500 Academico
1014 2426 1254 2519 adspicienda
1268 2447 1327 2512 oc,

273 2535 445 2610 currunt,
463 2520 554 2593 adeo
572 2522 701 2597 ssmiles
719 2523 798 2600 sunt
814 2523 1023 2617 Europus,
1043 2539 1085 2598 ut
1099 2545 1212 2598 ovum
1225 2545 1325 2616 uvu,

273 2639 357 2691 curn
389 2638 430 2690 cu
460 2616 571 2692 sulurn
601 2620 829 2708 differentia,
870 2621 966 2714 quod
999 2642 1076 2714 qun·
1106 2621 1145 2696 in
1177 2621 1330 2714 Europa

193 2757 195 2760 -
273 2716 518 2809 proveniant,
554 2717 829 2810 sesquiminures
855 2719 956 2808 sunt,
987 2739 1091 2812 quant
1122 2735 1202 2812 quoe
1227 2741 1252 2793 e
1278 2719 1328 2794 st·

274 2812 369 2884 biria
387 2815 500 2884 allatu
515 2814 627 2888 sunt..
657 2814 875 2890 observatio
896 2817 972 2890 hcc
988 2815 1132 2908 summi,
1157 2837 1240 2890 mec
1254 2817 1329 2912 qui·

159 2983 161 2989 ,
276 2907 356 2979 dern
375 2909 572 3000 sententia,
596 2911 647 2986 est
660 2915 835 2988 rnonrenti
844 2937 856 3001 3
881 2913 1018 2989 indicat
1039 2915 1198 3006 etenim,
1227 2911 1330 3010 quud

229 3079 233 3090 ,
275 3003 408 3097 plantae
435 3005 626 3081 seminibus
653 3011 716 3085 vel
740 3010 919 3084 radicibus
943 3033 964 3086 c
990 3010 1130 3088 Sinnin
1147 3013 1185 3085 in
1212 3011 1329 3086 Euru-

274 3121 364 3274 gat?
378 3103 567 3271 cognitu,
589 3105 649 3181 hic
662 3107 822 3184 crescant
836 3107 953 3184 laetius
969 3110 1207 3206 vegetiusque
1221 3129 1329 3205 quatu

319 3219 415 3272 arun
442 3222 473 3275 c.
712 3308 746 3394 ᾗ.
797 3299 897 3377 XIV·

251 3403 253 3410 ’
371 3392 462 3468 Non
488 3395 538 3470 est
564 3399 661 3490 quod
679 3397 801 3474 multis
827 3398 1032 3490 ostendum,
1056 3421 1159 3495 quum
1177 3401 1330 3498 pulchra

276 3488 409 3598 flnrnm
435 3494 543 3584 copia
567 3495 664 3568 horti
691 3496 974 3590 Eurnpaeorurn,
1010 3498 1046 3571 in
1071 3500 1196 3592 primis
1218 3499 1328 3574 Borc-

217 3633 220 3638 Δ
267 3586 408 3675 ulrum,
450 3589 574 3664 instrui
603 3594 766 3686 pollent,
811 3595 1072 3669 sraSibiricis
1103 3597 1160 3692 pla
1187 3598 1218 3672 is
1259 3597 1329 3672 huc

273 3682 553 3762 transferrentur
583 3692 736 3784 plantae,
776 3713 885 3785 quum
911 3695 1039 3767 coelurn
1064 3619 1231 3786 frigufius
1261 3695 1328 3767 illc

271 3793 349 3858 non
364 3783 506 3881 lerant,
529 3809 634 3882 quun
652 3811 729 3886 quc
746 3789 859 3870 Zonae
880 3789 1046 3868 calidiori
1063 3792 1216 3885 adsueta
1233 3793 1326 3962 stiffi
