2716 4748
293 188 362 308 mr
456 212 464 222 ·’
538 205 762 285 MUNDUS
802 171 1095 286 mersionis.

292 389 490 486 phytorum
509 387 745 482 conceptus(
768 381 800 477 ).
852 387 927 560 (ἰυί
944 409 1036 460 vero
1053 387 1125 461 hec
1142 387 1305 484 intelligere

292 488 477 577 voluerit,
506 486 713 562 animalium
731 501 1015 580 compertorum
1038 483 1149 560 ideam
1176 487 1229 558 fibi
1251 487 1301 560 lor·

292 606 390 664 mare
408 585 516 662 debet
538 606 583 658 ex
611 583 740 668 Tremo,
767 603 844 674 quae
869 583 1005 658 vermis
1032 582 1082 656 est
1110 585 1303 677 plurimorum

293 683 549 768 articulorum,
576 682 729 772 quilibet
755 694 875 754 autem
898 682 1021 756 omnia
1045 681 1150 754 babet
1175 681 1303 772 requisita

292 783 401 868 vice,
432 801 512 852 cum
544 779 728 872 principio
763 778 969 864 medullari,
1005 779 1096 852 vairs
1121 777 1304 872 clrylopeis,

293 899 359 950 ore
392 877 460 949 &o
509 877 600 948 adeo
644 891 684 947 ut
717 877 892 972 filinguli
927 874 1144 950 divellantur
1177 875 1304 960 articuli,

293 973 447 1068 quilibet
471 985 589 1046 tamen
614 973 728 1046 vitam
751 973 949 1050 constituat
971 973 1172 1067 propriam3
1191 973 1306 1066 perinde

293 1077 336 1148 ac
362 1072 385 1146 sl
411 1071 567 1146 radicem
592 1071 745 1146 secueris
777 1071 895 1144 Tritici
918 1077 1077 1168 reperiris,
1111 1072 1223 1166 finguli
1246 1069 1306 1141 arti·

293 1169 367 1243 culi
399 1167 551 1264 singulas
579 1169 717 1242 dabunt
754 1171 905 1262 plantas.
975 1167 1188 1257 Medullum,
1221 1165 1307 1238 selem

292 1268 380 1344 vite
412 1267 449 1340 ln
481 1266 560 1339 allis
589 1266 775 1360 plerisque.
798 1265 1032 1355 animalibus,
1066 1264 1213 1338 Creator
1240 1263 1308 1335 intra

294 1363 445 1442 crustam
464 1365 667 1439 collocavit
684 1363 835 1454 olleam,
860 1385 938 1455 que
957 1363 1061 1435 semel
1082 1362 1120 1437 in
1137 1383 1176 1433 os
1193 1360 1309 1434 solidum

293 1463 445 1548 durata,
471 1462 620 1533 ulterius
644 1461 790 1534 extendi
808 1461 953 1552 nequit3
991 1459 1103 1533 sedin
1129 1458 1308 1546 Vermibus,

292 1559 355 1632 ubi
387 1558 522 1630 nullum
552 1557 604 1630 est
640 1559 803 1634 medullae
827 1557 1071 1644 obstaculum,
1103 1555 1176 1650 ipso
1202 1557 1234 1630 in
1254 1555 1310 1648 plu·

292 1677 331 1730 ra
348 1653 381 1726 ie
402 1655 619 1746 multiplicat
637 1657 824 1743 animalia,
851 1676 951 1748 aeque
972 1675 1014 1726 ac
1040 1655 1077 1726 ln
1105 1655 1247 1748 plantis,
1267 1649 1310 1722 ubi

293 1773 413 1828 ramus
434 1751 588 1846 quilibet
609 1773 708 1824 nova
734 1751 934 1844 fitplanta,
971 1751 1030 1825 seu
1059 1752 1137 1826 vitu
1165 1747 1310 1848 vegetabi-

293 1850 352 1941 lis,
373 1871 451 1942 quae
468 1849 575 1922 etiam
596 1849 761 1942 separari,
780 1863 883 1921 terrae
902 1849 1095 1939 committi,
1116 1848 1242 1922 radices
1254 1865 1310 1940 ag·

293 1969 358 2039 re,
386 1947 466 2024 aliis
483 1946 672 2020 arboribus
689 1945 794 2021 inseri
812 1945 1051 2041 &propagari
1073 1947 1201 2040 potest.
1245 1947 1310 2016 Ver·

294 2046 345 2120 bo
362 2046 441 2118 bele
461 2045 644 2135 monebo,
671 2041 796 2117 errasse
824 2043 930 2131 illos,
965 2043 1025 2135 qui
1051 2047 1158 2140 Capru
1179 2041 1309 2116 adfinem

295 2141 496 2218 cralliorem
518 2143 633 2216 tenne
654 2142 723 2215 sese
745 2140 943 2216 observalle
970 2141 1036 2214 visr
1062 2141 1163 2230 sunt,
1191 2161 1259 2214 cum
1277 2151 1308 2208 tr·

295 2263 378 2316 men
414 2241 476 2315 vix
511 2239 546 2311 in
574 2242 649 2311 ullo
678 2239 880 2310 vermiculo
909 2255 1019 2333 capnt
1045 2241 1224 2315 invenerit
1244 2233 1308 2330 quir·

294 2338 413 2428 piam,
445 2337 560 2410 multo
588 2338 704 2408 orimus
730 2337 766 2408 in
794 2333 867 2408 fine
893 2336 1093 2432 subtiliori,
1139 2359 1212 2432 quae
1231 2331 1310 2408 novis

296 2431 460 2522 quotidie
473 2433 600 2504 crctbit
613 2433 786 2523 articulis,
802 2432 1071 2526 caputexistere
1087 2437 1230 2528 poterit.
1252 2427 1310 2502 CO·

293 2528 481 2604 RALLIA
499 2528 705 2620 Zooplrytis
724 2531 878 2604 maxime
899 2530 978 2604 sunt
1000 2529 1153 2618 adfinia,
1185 2531 1311 2620 linesque

295 2626 503 2710 internae,
532 2648 608 2699 non
631 2629 750 2700 minus
779 2649 882 2722 quam
909 2644 1029 2702 cetera
1053 2646 1189 2703 naturae
1210 2643 1309 2722 regni,

294 2725 333 2797 in
350 2723 609 2812 minutiffimis,
636 2725 790 2805 inventu
817 2725 896 2798 sunt
918 2725 1140 2816 difficillimi3
1166 2729 1208 2800 ad
1223 2717 1310 2798 terni·

294 2843 364 2894 nos
397 2837 514 2896 autem
541 2823 607 2894 lms
635 2823 928 2908 constituendos,
967 2825 1168 2920 illorirepnra
1189 2827 1308 2916 Fungitt

294 2933 417 2992 mente
434 2920 484 2992 est
500 2920 752 3014 concipienda.
780 2919 1043 2994 Animalculum
1062 2921 1135 2996 boo
1151 2924 1201 2996 est
1217 2943 1254 2994 ex
1267 2915 1309 2992 suo

296 3035 374 3088 ovo
399 3015 625 3107 produtlum,
643 3017 690 3106 ἃ,
713 3017 750 3090 ni
780 3017 906 3107 fallor,
943 3041 1121 3106 annuum;
1157 3011 1312 3095 substernit

295 3109 369 3187 boc
397 3113 458 3186 libi
481 3115 575 3187 basm
601 3117 833 3204 corallinam,
855 3116 888 3188 br
912 3117 1072 3191 moriens
1088 3121 1264 3192 corallium
1275 3131 1312 3182 re·

1265 3210 1313 3282 lin·

293 3313 1315 3346 *uu—*mm

335 3357 383 3440 (⁸)
404 3359 469 3424 Sed
483 3364 625 3441 primum,
646 3361 725 3445 quod
740 3358 846 3444 sciam,
873 3363 908 3425 de
929 3364 1106 3446 Zoophytis
1128 3365 1268 3446 plerisque
1287 3349 1313 3445 ἒξ

374 3440 516 3504 audacius
549 3437 622 3506 lianc
659 3441 816 3508 lerorinm
840 3439 976 3528 Miscuit
1009 3443 1116 3530 Illustr.
1152 3466 1211 3509 vou
1241 3439 1314 3506 Linnr

375 3521 405 3581 in
433 3521 555 3614 cultione
582 3523 694 3586 docilem
722 3524 898 3610 qullemutis
919 3526 1057 3590 Nature.
1100 3521 1248 3670 Exprfiffis
1264 3517 1313 3582 IX*

374 3619 476 3692 neqms
498 3604 741 3686 propositionibus
767 3616 920 3686 permotus
944 3603 1165 3690 Candidifflmes
1211 3603 1313 3684 asterii·

374 3699 424 3761 qm
449 3680 502 3744 lure
524 3703 615 3766 usque
641 3695 744 3748 contra
768 3686 904 3749 Ellilium
933 3681 1118 3770 reliquosque
1139 3689 1251 3769 prioris
1256 3693 1313 3826 ff

1307 3761 1313 3789 l

373 3764 470 3824 trullo
488 3775 634 3844 patronos
646 3769 790 3852 stererat,
821 3769 945 3830 alterius
971 3767 1120 3832 evidentia
1141 3767 1233 3834 uillas

372 3861 493 3938 mnus,
524 3845 561 3912 δ’
585 3845 784 3929 gloriolr'ffimo
804 3851 955 3929 exempto,
979 3849 1137 3930 repudiata
1160 3847 1256 3932 priori
1289 3853 1315 3898 ΙΙ

369 3942 643 4090 ἵὲηξῖἔὲῥέξζαέξ
668 3917 825 3997 ereorr'am
844 3933 955 3994 acriter
975 3927 1128 4015 defendere
1151 3931 1242 4012 cupit.
1287 3917 1314 3980 ¹¹·
