2688 4752
291 279 360 351 132
411 247 798 330 *FUNDAMENTA
829 239 1236 328 ENTOMOLOGlAE..

287 457 368 525 ma,
404 433 534 525 quibus
563 431 697 526 fingula
735 428 780 501 ad
813 430 1091 523 proportionem
1128 439 1238 494 rerum
1268 413 1322 488 set·

273 530 445 606 varandam
482 529 641 618 lbciunt3
687 526 910 620 superficiem
949 525 1087 599 telluris
1126 511 1265 608 impuris
1297 507 1322 578 b

288 628 587 723 supervacaneis,
631 625 900 718 atmospheram
939 621 1071 697 foetidis
1102 617 1135 689 dt
1169 606 1322 706 putridis,

289 747 417 819 aquam
447 724 624 798 coenosam
654 746 696 796 ac
725 721 947 817 stagnantem
985 708 1231 806 heterogeneis
1261 703 1322 774 seli·

288 823 419 899 cissime
440 823 606 895 liberant.
656 821 802 914 Maiora
824 820 999 913 adjuvant
1023 809 1185 890 animalia
1204 804 1237 873 in
1258 819 1322 890 pro·

286 923 463 1019 portione
492 920 717 1012 plantarum,
755 938 843 1010 quas
868 917 966 989 adire
992 935 1068 988 non
1095 903 1232 1003 poliunt
1258 897 1322 978 illa,

289 1015 511 1094 adornanda.
563 1016 663 1089 Hinc
682 1015 718 1088 in
744 1015 926 1108 plerisque
949 1014 1082 1108 plantis
1107 1000 1258 1078 distintla
1277 991 1322 1062 ha·

287 1119 379 1193 bent
398 1113 565 1206 hospitia.
617 1113 763 1188 Florem
782 1111 1040 1201 curculiones,
1059 1102 1223 1182 Radicem
1235 1091 1321 1179 Lept·

286 1235 384 1304 urae,
408 1211 513 1285 Folia
538 1211 711 1284 Phalaenoe
745 1207 1007 1300 co‘e'rcent,&
1045 1224 1113 1300 pro
1151 1198 1322 1268 incremen-

287 1313 337 1387 tis
364 1312 567 1405 plantaram
592 1327 762 1381 numerus
788 1325 938 1402 augetur
972 1305 1164 1398 hospitum.
1214 1287 1321 1359 Exere·

288 1411 412 1484 tiones
436 1405 593 1497 denique
621 1405 834 1492 humorum,
872 1405 932 1496 qui
960 1397 1128 1494 superflui
1154 1390 1321 1482 forentes

287 1504 417 1594 noxii,
455 1502 493 1576 in
521 1501 792 1576 animalibus&
819 1501 1083 1596 vegetabilibus
1107 1485 1319 1588 promovent:

289 1600 478 1695 adparebit
500 1599 694 1692 aliquando
721 1620 846 1672 eorum
871 1600 987 1690 major
1010 1597 1167 1671 influxus
1191 1573 1266 1684 post¹
1281 1589 1320 1639 ll·

287 1699 431 1774 stitutas
448 1696 614 1770 certatim
635 1695 828 1769 societates
846 1695 1092 1770 oeconomicas
1108 1690 1145 1760 in
1162 1663 1319 1774 Regmsdl

212 1825 220 1838 ·
289 1795 512 1868 Civitatibus
531 1787 688 1886 Europae
709 1794 921 1888 precipuis,
945 1793 1060 1884 qualis
1079 1784 1130 1862 est
1146 1763 1319 1861 Petropoll·

287 1909 396 1983 tana,
421 1892 599 1982 Pusillus,
623 1891 885 1978 Londinensis,
916 1890 1130 1984 Lipsiensis,
1155 1861 1317 1950 cellanli,

289 1988 539 2103 Gottingenlis
559 1989 626 2062 dic.
688 1988 748 2063 Ad
776 1988 955 2084 fastigium
981 1971 1232 2075 utaliquando
1260 1975 1319 2053 pel·

287 2101 417 2163 veniat
429 2087 650 2178 oeconomia,
660 2088 793 2181 triplex
807 2101 943 2160 naturae
956 2105 1121 2181 regnum,
1137 2088 1236 2162 atque
1249 2056 1318 2132 ideo

287 2185 520 2282 provinciam
549 2185 764 2259 infestorum
788 2183 1007 2274 latissimam,
1039 2169 1237 2258 adcuratius
1259 2169 1318 2266 pel·

287 2281 466 2374 vestigare
492 2279 670 2353 necessum
693 2281 756 2353 est.
807 2280 941 2355 Infesta
963 2282 1059 2356 enim
1087 2270 1232 2352 maxime
1253 2255 1319 2326 licet

287 2393 425 2453 naturae
444 2378 650 2450 oeconomia
667 2376 886 2467 inserviant,
913 2380 1020 2453 nobis
1037 2393 1156 2452 tamen
1172 2348 1317 2453 saepissne

285 2487 448 2590 nocent,
475 2474 510 2546 dt
537 2473 663 2546 labore
686 2473 895 2548 difficillime
918 2477 1169 2552 eliminantur3
1202 2457 1316 2531 sivero

287 2595 327 2646 in
355 2570 453 2645 usum
479 2570 575 2647 redte
602 2571 783 2666 adplicare
811 2595 853 2646 ea
878 2574 1184 2652 intellexerimus,
1213 2563 1249 2624 ut
1266 2540 1315 2656 ΓΘ·

287 2674 359 2744 lem
397 2669 564 2744 adversus
603 2693 722 2744 mures
759 2671 991 2764 adhibemus,
1032 2671 1159 2745 damna
1191 2651 1316 2748 plurima

288 2782 540 2880 averterentur
562 2766 755 2842 secundum
777 2769 1047 2843 ordinationem
1065 2777 1197 2844 natura
1211 2767 1250 2820 el
1267 2727 1315 2806 Μ·

287 2866 412 2940 cordia
426 2888 558 2937 rerum.
599 2867 659 2938 Sic
676 2871 808 2940 Cimicrs
824 2869 1036 2954 domorum,
1064 2867 1240 2941 Plialaenuia
1252 2837 1315 2908 Gll·

226 3015 238 3028 -
286 2971 405 3073 inlitis,
431 2965 765 3051 tarvisinorum,
794 2969 939 3050 Calices,
966 2967 1110 3060 Aphidas
1130 2939 1317 3028 &sexcenti

288 3062 357 3132 alia
384 3060 584 3154 expelleres
612 3060 720 3135 facile
751 3085 770 3134 a
796 3060 864 3133 suis
890 3063 1063 3136 hostibus.
1112 3049 1179 3129 Sed
1206 3051 1243 3114 ut
1261 3031 1315 3100 ¹¹⁰⁶

287 3157 528 3252 intelligamus
549 3156 765 3243 artificium,
786 3161 935 3234 Pandora
950 3159 1186 3236 lutetiorum,
1215 3125 1315 3220 expio·

285 3256 373 3368 ratis
391 3257 521 3366 quibus
540 3253 765 3346 hospitantur
788 3257 920 3346 plantis
942 3259 1092 3350 aliisque
1112 3229 1314 3324 circumstlss·

286 3368 370 3440 tiis,
398 3355 541 3445 plenius
567 3353 638 3424 erit
659 3352 933 3448 cognoscenda,
966 3357 1025 3448 qui
1053 3354 1136 3428 seris
1157 3343 1246 3416 forte
1266 3335 1315 3414 ΡΟ·

1291 3408 1314 3478 lt

285 3450 388 3522 stetis
408 3450 591 3524 illucescet
608 3449 696 3523 dies.
742 3451 802 3524 Ob
817 3473 963 3546 magna,
989 3476 1067 3545 quae
1081 3431 1315 3581 sdoiizliyn'liisfflc

286 3550 416 3658 Apibus
442 3549 552 3620 bomo
586 3549 716 3639 debet,
755 3553 965 3638 commoda,
998 3549 1090 3622 adeo
1117 3520 1274 3618 multish

285 3647 497 3716 animalcula
529 3647 757 3719 celebrantur
787 3649 1069 3734 Voluininibus,
1110 3659 1151 3716 ut
1176 3620 1315 3720 credescs

284 3744 387 3834 plura
416 3740 495 3811 addi
527 3765 602 3815 non
627 3744 748 3836 posse,
774 3765 855 3816 cum
885 3759 1003 3815 tamen
1032 3747 1139 3817 multa
1172 3711 1315 3827 filsefssnt

284 3837 519 3909 observanda.
572 3839 678 3912 Duos
704 3843 740 3915 in
764 3856 852 3930 iizto.
877 3840 1019 3913 Tomos
1048 3833 1219 3913 donnico
1245 3803 1314 3883 ¹⁰s'

283 3938 357 4029 sio,
380 3937 532 4010 Pialeiiii
545 3933 644 4033 Coffa
667 3962 781 4033 nuper
796 3938 910 4011 edidit
926 3938 1109 4014 Dominus
1132 3935 1180 4009 D·
1197 3913 1314 4074 Lssssffc
