2700 4746
163 131 544 244 munumentum
571 167 992 250 aurouotootn.
1042 195 1108 268 151

148 347 272 422 Caircrs
293 357 435 424 exuunt
457 347 655 442 quotannis
673 349 825 426 crustam
844 353 960 429 totius
979 375 1113 449 corpo·

45 445 122 534 ris,
142 442 205 538 qui
222 459 354 540 utpote
372 467 551 541 perennes
562 447 660 522 mole
676 447 861 543 emicant,
881 449 979 547 quod
996 451 1115 528 crusta

47 539 215 638 alioquin
233 541 359 618 durior
376 545 531 620 calcaria
550 546 755 640 impediret.

150 657 372 762 Scilopmdro
400 665 566 760 iuniores
598 666 778 743 minorem
812 665 950 744 habent
978 663 1113 766 pedum

44 780 263 852 numerum,
291 785 398 859 quarn
418 763 630 840 adultiores.
726 770 728 774 ’

147 881 284 958 Omnia
308 880 461 978 insessa,
497 905 576 980 quae
606 881 913 978 metamorphosin
936 881 1112 976 subeunt,

45 977 132 1076 post
157 979 442 1056 declarationem
473 979 554 1060 sunt
581 981 830 1080 magnitudine
861 980 1006 1070 adulta,
1043 1001 1114 1056 nec

44 1101 84 1152 sn
103 1077 236 1154 eadem
255 1077 407 1174 regione
423 1076 559 1176 species
582 1084 707 1156 eadem
730 1081 838 1156 ullam
860 1075 1020 1152 ostendit
1040 1099 1113 1154 ma·

46 1175 250 1272 gnitudinis
276 1175 616 1267 dissimilitudinem,
647 1177 713 1254 nili
737 1197 816 1272 que
839 1175 1020 1252 alirnentis
1044 1177 1112 1251 lar·

47 1273 246 1350 vmminus
267 1271 526 1350 sufficientibus
542 1276 653 1354 debet
673 1275 864 1374 originem.

143 1391 537 1470 SWAMMERDAM
574 1392 737 1492 respedlu
773 1389 1113 1490 metamorphoseos

49 1505 209 1590 quamor
225 1489 440 1568 insessurum
457 1490 583 1568 statuit
598 1491 739 1570 classes:

144 1607 266 1682 Prima
289 1605 507 1682 consuebat
533 1627 598 1700 ea,
633 1627 713 1704 que
735 1603 804 1708 (ι)
837 1611 885 1686 ab
916 1633 995 1687 ovo
1025 1611 1113 1686 talia

49 1705 242 1794 oriuntur,
270 1704 392 1797 qualia
416 1701 485 1780 else
505 1705 644 1782 debent
664 1715 824 1806 mpero,
852 1726 916 1786 aut
939 1703 1008 1806 (β)
1032 1729 1112 1802 que

47 1804 169 1977 ffatim
194 1814 303 1896 partu
325 1799 407 1880 suut
430 1801 612 1900 porsessa,
638 1813 816 1904 uiuiparo,
843 1829 876 1882 e.
898 1831 933 1905 g.
957 1807 1111 1900 Cimon,

142 2021 293 2097 snus«
308 2015 499 2096 constabat
519 2017 685 2113 insertis,
713 2041 792 2116 qua
810 2021 1034 2098 instruuntur
1050 2021 1112 2098 sex

49 2117 223 2213 pedibus,
262 2131 300 2191 at
325 2115 430 2192 tedis
454 2115 516 2192 sub
544 2115 661 2192 crusta
689 2119 841 2214 quadarn
870 2121 936 2194 alis
962 2120 1007 2194 ad
1034 2141 1112 2196 cer·

47 2235 121 2292 tum
144 2231 314 2312 tempuss
340 2213 457 2290 crusta
481 2235 574 2290 vero
602 2215 713 2294 larvas
737 2217 922 2314 depofita,
951 2219 1026 2294 alas
1054 2241 1112 2322 ac5

49 2317 217 2410 quirunt,
241 2337 273 2388 e.
291 2335 325 2410 g.
351 2311 514 2408 Gryllus.

146 2435 262 2512 Tertia
289 2425 400 2512 clasis
426 2455 554 2510 eorum
578 2427 673 2530 fuit,
705 2437 770 2534 qui
797 2439 847 2530 sin
897 2439 932 2514 la
954 2439 1016 2513 illa
1040 2436 1112 2512 tria

47 2550 263 2629 percurrunt
286 2531 421 2624 uad«,
455 2531 489 2606 dt
519 2555 620 2630 qua,
657 2537 720 2610 ubi
749 2535 839 2632 chry
855 2537 967 2613 elides
995 2533 1110 2629 liunt,

49 2631 198 2709 crustam
222 2633 329 2728 plane
356 2627 559 2728 deponunt.
624 2633 745 2730 Hujus
774 2657 867 2710 vero
893 2635 1004 2711 claffis
1030 2635 1111 2710 dum

49 2747 148 2806 erant
168 2729 389 2819 divisiones,
413 2749 545 2828 nempe
565 2751 625 2808 120
641 2752 792 2824 eorum,
817 2752 895 2826 que
913 2733 975 2808 sub
992 2731 1111 2808 forma

48 2827 253 2922 chrysalidis
275 2827 469 2902 evidentes
490 2827 627 2902 habent
647 2827 759 2924 pedes
783 2843 892 2925 atque
910 2832 1005 2920 alas,
1032 2849 1111 2925 quo

47 2923 229 3022 nymphe
246 2929 499 3016 vocabantur,
522 2941 565 3000 ut
581 2925 706 3020 Apes;
731 2949 811 3020 quae
829 2949 920 3002 vero
935 2927 1017 3025 post
1037 2927 1111 3024 pri·

46 3045 134 3100 nam
173 3021 537 3100 transformationem
578 3023 706 3099 iisdem
743 3025 889 3118 quidem
928 3025 1110 3124 gaudent,

46 3119 100 3195 sed
116 3119 252 3213 testis,
281 3121 485 3220 clrysolides
510 3119 697 3218 speciatim
725 3123 962 3220 dicebantur,
988 3137 1030 3200 ut
1046 3123 1111 3200 Ps-

45 3220 216 3312 piliones.

137 3331 273 3440 Quarta
291 3327 413 3408 Classis
437 3329 498 3404 illa
524 3331 763 3426 continebat,
800 3335 943 3432 quasin
968 3335 1113 3430 chrysa·

44 3429 129 3506 lides
162 3431 221 3504 vel
255 3430 436 3526 nymphas
467 3431 609 3506 abitura
645 3431 796 3508 crustam
827 3455 911 3510 non
932 3433 1114 3530 abjiciunt

44 3530 217 3624 primam,
242 3527 301 3604 sed
318 3549 454 3624 corpus
477 3541 617 3604 tantum
631 3529 837 3608 dissolvitur
851 3533 896 3606 ab
918 3531 986 3612 hac
1001 3533 1111 3626 pelle,

44 3649 118 3718 que
147 3623 299 3722 figuram
330 3625 396 3699 oui
423 3623 609 3702 adsumens
639 3629 778 3720 ambit,
812 3627 868 3704 sed
895 3652 971 3706 non
996 3630 1112 3706 adhe-

44 3739 98 3800 ret
119 3723 281 3816 insesio,
312 3723 375 3798 sub
395 3723 511 3800 forma
531 3723 762 3818 chrysalidis,
790 3751 857 3820 qua
879 3728 1114 3824 postmodum

44 3837 192 3916 aperta,
219 3821 297 3899 exit
311 3820 483 3898 insessum
500 3843 581 3898 cum
599 3823 690 3915 alis,
714 3845 748 3899 s.
764 3845 797 3922 g.
818 3826 955 3906 Muscas
975 3829 1111 3904 mttlte.

573 3951 606 4028 Κ
630 3975 655 4044 4
1017 3951 1113 4034 Clas·
