2716 4748
303 173 372 260 saa
597 155 725 236 usus
755 155 1061 240 nrusconunt

302 335 511 414 Consultius
528 336 641 432 igitur
656 337 835 432 ejusmodi
854 341 892 414 in
908 338 1012 416 tediis
1028 334 1163 414 muscus
1176 336 1314 419 uriom

299 436 599 540 promovendus,
628 458 734 533 quarn
757 434 1019 552 exstirpandus.

398 674 441 750 In
456 676 605 765 Suecia,
635 675 697 750 ubi
722 578 1143 752 Quingssllc‘onmuniter
1168 671 1313 748 exstruun-

158 768 165 780 ’
301 791 361 854 tur
377 775 516 870 lignea,
546 773 654 848 rimas
675 777 846 850 obturare
872 775 1050 850 necessum
1081 772 1153 863 est,
1184 771 1225 844 ad
1245 773 1313 844 calo·

300 897 377 956 rem
393 871 634 949 retinendum.
684 865 746 948 Fit
764 873 835 946 hoc
854 871 1032 960 HYPNO
1046 878 1203 968 parietino
1221 869 1313 964 &pu

302 973 416 1065 suffero,
446 970 519 1046 fine
543 971 672 1062 quibus
699 993 779 1044 cum
811 971 1013 1060 difficilius,
1037 983 1117 1044 tum
1146 967 1314 1041 sumtuoiur

300 1067 571 1144 aedificaremus.
621 1069 744 1142 Variis
761 1070 798 1142 in
818 1068 911 1144 locis
925 1069 1095 1142 mulieres
1112 1088 1178 1161 pro
1190 1061 1270 1158 filtro
1282 1063 1313 1134 ir·

298 1168 368 1244 tus
403 1165 629 1258 Conservas,
663 1165 696 1238 &
727 1167 764 1240 in
801 1166 881 1238 aliis
913 1164 1162 1258 Polytrichum
1191 1161 1314 1252 &Hyp

299 1287 387 1341 num
409 1265 593 1338 adhibent.
643 1264 805 1338 Maxime
828 1286 918 1338 uero
932 1262 1143 1356 Polynicha
1164 1281 1225 1355 pro
1239 1259 1313 1354 aspu-

297 1370 391 1460 gains
408 1362 621 1454 usurpantur
642 1361 680 1435 in
702 1363 854 1454 panibus
874 1363 933 1433 vel
950 1361 1030 1436 aliis
1055 1361 1163 1434 rebus
1187 1355 1314 1448 conspui

301 1461 449 1558 gendis,
478 1458 698 1551 quinetiam
727 1459 800 1532 ruri
830 1459 990 1548 muscus,
1022 1472 1064 1530 ut
1090 1477 1217 1550 corpus
1242 1451 1314 1526 bibo

300 1563 394 1648 luni,
417 1559 503 1628 loco
520 1556 747 1651 spongiarum
769 1557 971 1644 adhibetur,
996 1557 1093 1650 quod
1115 1577 1181 1634 nec
1195 1549 1313 1642 antiquis

299 1656 371 1731 suit
410 1655 587 1749 ignotum.
657 1657 719 1730 An
751 1654 937 1748 Hyffopus
975 1657 1012 1728 S.
1047 1657 1222 1749 Scriptura
1247 1642 1313 1720 aiiud

299 1753 411 1830 suerit
436 1773 541 1842 quam
564 1750 727 1841 muscus,
763 1752 797 1828 dt
828 1774 874 1826 an
909 1750 1095 1845 Hyffopus
1127 1745 1313 1831 Salomonis,

295 1851 361 1944 ‘qui
389 1848 548 1922 disseruit
573 1869 594 1920 a
621 1847 742 1926 Cedro
767 1852 924 1926 maxima
950 1848 994 1922 ud
1021 1846 1217 1942 Hyssopum
1237 1866 1255 1917 e
1272 1861 1313 1933 pe

300 1947 452 2022 rietibus
464 1947 674 2036 minimum,
690 1947 870 2026 BRYUM
883 1948 993 2028 suerit
1005 1951 1234 2030 truncatuirrn,
1245 1935 1312 2032 quod

299 2045 495 2120 etiamnum
526 2044 563 2118 in
585 2045 729 2141 singulis
757 2047 867 2119 muris
900 2045 1027 2118 crescit
1053 2039 1310 2133 Hierosolymo·

300 2145 358 2218 nis
385 2142 482 2237 (vid.
511 2142 609 2217 Flor.
642 2143 701 2215 Su.
722 2133 863 2234 mou),
892 2141 1094 2236 Philologis
1125 2135 1308 2222 enodandum

152 2227 155 2248 '
300 2240 549 2331 relinquimus.
611 2243 720 2336 Pisces
746 2242 789 2314 ab
813 2262 888 2314 uno
913 2240 951 2314 in
978 2239 1087 2312 alium
1118 2237 1309 2314 transtrum

299 2339 445 2423 locuni,
471 2337 615 2430 piscinis
634 2339 902 2428 immittendos,
922 2337 1062 2413 maritos
1077 2336 1179 2410 dolio
1196 2331 1310 2426 injiciat,

299 2457 348 2508 ne
370 2433 465 2507 adlisr
491 2435 536 2506 ad
559 2435 734 2509 interiora
758 2435 847 2508 vasis
880 2450 1041 2528 pereant.
1102 2436 1228 2508 Piantu
1250 2445 1310 2520 quo·

301 2554 371 2625 que
395 2533 614 2619 succulenta,
638 2546 702 2606 aut
717 2536 819 2606 Bulbi
840 2533 1038 2622 nunties,
1062 2530 1212 2612 etnim
1231 2541 1311 2632 usque

301 2629 343 2703 ad
356 2651 425 2702 nos
440 2629 476 2701 in
491 2628 618 2703 muscis
632 2629 911 2705 commodiffime
928 2631 1234 2714 murmurantum
1251 2639 1311 2715 qum

299 2730 406 2802 etiam
425 2726 593 2800 Botanici
608 2729 746 2802 radices
762 2731 847 2802 hinc
863 2729 1061 2804 Parisios&
1080 2725 1242 2814 vicisim,
1260 2735 1308 2792 uu

296 2827 438 2899 suorum
457 2847 530 2918 ope
547 2825 696 2897 mittunt
714 2827 845 2898 illusas.
898 2827 1111 2916 Hortulani‚
1130 2819 1307 2898 urrunnu·

297 2949 348 2995 cor
365 2921 422 2994 seu
440 2922 568 2994 baccas
585 2920 826 2998 Nouiandicas
846 2923 1116 3016 conservaturi,
1142 2943 1235 2998 areas
1255 2931 1310 2986 vti·

296 3041 348 3092 no
372 3032 538 3110 ternpore
567 3018 735 3093 aitiffimis
763 3035 889 3114 tegunt
914 3021 1063 3110 muscis,
1100 3035 1162 3112 ut,
1200 3023 1309 3090 retentu

296 3117 400 3211 gelu,
435 3117 735 3210 germinationem
775 3118 935 3196 radicum
967 3121 1011 3194 ad
1043 3119 1229 3194 solstitium
1248 3105 1309 3218 est}

295 3235 382 3288 vum
409 3214 630 3306 impediant,
665 3213 744 3308 quae
773 3217 898 3290 vernis
921 3217 1053 3291 caloris
1077 3215 1257 3320 frigorisve
1272 3225 1309 3276 u·

296 3309 554 3414 ciisrtudinibus
578 3312 742 3408 alioquin
768 3328 1062 3410 corrumpuntur.

394 3544 489 3616 Ceiio
501 3545 668 3633 glaciariu
683 3447 794 3614 veritis
809 3442 1046 3618 iighilitbuntur
1059 3541 1188 3618 modis.
1231 3529 1306 3612 Vidi·

293 3656 453 3714 nauseas
477 3637 604 3716 muscis
628 3650 767 3712 tantum
790 3638 962 3716 formatas
998 3641 1091 3716 adeo
1115 3637 1305 3736 prestantes,

293 3750 355 3822 ut,
385 3733 462 3806 aliis
485 3736 603 3826 lapide
620 3735 851 3826 construitis,
879 3751 941 3811 aut
966 3737 1139 3814 subterra
1164 3725 1306 3832 profunde

294 3831 535 3927 absconditis,
565 3833 720 3933 palmam
741 3835 1006 3934 proripuerint.
1065 3835 1108 3916 In
1128 3827 1306 4000 mamm
