2740 4740
295 207 343 278 62
423 185 810 274 O'POBALSAMUM
840 189 1208 279 DECLARATUM.

293 365 498 454 NORUM‘
519 361 790 470 potentissimus.
853 367 1149 455 'celebrantium
1178 399 1320 472 vereque

292 471 504 550 duelillimus
515 471 804 567 Gottingeulium
819 475 1008 568 Professor,
1021 477 1069 550 D.
1083 477 1245 578 Jobannes
1257 479 1320 550 Du

291 577 349 648 uid
370 571 566 658 Michaelis,
593 573 653 663 qui
675 571 804 665 linguis
825 573 1072 648 Orientalibus
1087 575 1119 647 dt
1134 574 1321 668 Philologii

291 671 405 744 Sacra
423 667 668 742 immortalem·
684 669 897 743 consecutus
924 671 974 744 est
1004 673 1162 746 nominis
1183 671 1320 760 famam,

292 765 536 862 difficultatem
564 761 1011 860 elplicandiscripturam
1034 769 1199 858 Sacram,
1230 767 1264 841 in
1285 767 1321 840 iis

292 864 571 956 maxime3uuae
596 863 788 938 scientiam
817 879 951 936 naturae
982 864 1158 960 speetant,
1190 863 1252 938 vix
1277 863 1321 941 su·

292 960 487 1061 petabileni
522 959 721 1052 perspexit,
759 961 823 1033 nisr
860 962 938 1052 quis
969 962 1011 1034 ad
1042 965 1113 1037 hoc
1145 963 1321 1058 ,negotium

293 1076 397 1154 aptus
420 1061 462 1132 ad
489 1056 755 1131 palestinam&
778 1057 949 1130 Arabiam
971 1061 1196 1150 mitteretur,
1228 1058 1320 1139 adcu-

290 1157 403 1326 ratalng
428 1155 551 1228 harum
578 1157 768 1251 regionum
797 1153 982 1230 historiam
1008 1157 1240 1253 adquisiturus
1268 1169 1319 1228 na·

290 1267 369 1330 tura
405 1265 462 1325 rui
595 1269 598 1276 ⁴
897 1267 926 1328 ’,
969 1271 972 1276 ·

293 1393 298 1404 ·
383 1351 549 1424 Srrmmus'
568 1346 696 1420 Dauire
712 1347 912 1422 Mo'uarcha
933 1345 1319 1424 FRIEDERICUS

291 1445 543 1566 QUINTUS,
562 1465 693 1517 nornen
708 1447 848 1518 dudum
866 1447 1061 1520 Friederici
1080 1447 1219 1540 Magni,
1233 1465 1320 1539 eque

291 1542 1319 1636 acLudouicusMagnusGallorum,scieueiaspromoven·

290 1644 339 1717 do
357 1639 504 1714 ‘meruit
554 1637 678 1734 Tanto
699 1635 797 1732 'Regi
829 1637 1067 1733 pretiosissima
1091 1642 1191 1713 orbis
1224 1643 1320 1714 debet

293 1743 587 1833 Caucbylemquae
607 1731 848 1832 Regenfullius
874 1739 964 1809 adeo
981 1739 1165 1832 eleganter
1179 1737 1319 1812 delinea-

289 1837 368 1927 vit,
392 1851 434 1908 ut
451 1833 540 1907 nibil
557 1831 667 1926 supra.
719 1829 814 1906 Huic
832 1836 996 1909 eximiam
1016 1835 1186 1910 debemus
1203 1836 1318 1910 diunt

290 1934 473 2024 Dauicum,
501 1951 602 2021 quam
626 1929 722 2001 vivis
740 1933 939 2021 exprimere
959 1934 1146 2006 coloribus
1164 1931 1318 2006 laudabili

289 2036 395 2126 plane
407 2026 563 2104 'suceellb
580 2026 753 2100 adnititur
769 2031 933 2122 Oederus,
960 2027 1140 2128 Proreffor
1158 2029 1317 2103 Hafnien·

289 2131 331 2204 sis
352 2125 615 2200 celeberrimus.
1248 2177 1253 2192 .

273 2295 276 2302 .
380 2225 523 2298 Hortum
543 2239 688 2314 quoque
705 2223 892 2296 Batauicum
909 2223 1052 2296 Hafniae
1076 2223 1159 2298 Rex
1184 2217 1316 2314 maiori·

287 2327 377 2411 bus,
401 2329 503 2412 quam
529 2319 622 2391 ullus
651 2329 779 2410 antea,
805 2319 960 2392 subfidiis
987 2319 1241 2396 instituendum
1265 2335 1316 2391 cu·

286 2422 417 2495 ravit·
443 2415 495 2491 Ut
518 2412 666 2506 spartam
690 2427 849 2503 taceam,
865 2431 951 2502 ‚tum
972 2416 1010 2490 in
1030 2418 1191 2492 Historia
1212 2416 1316 2490 Natu·

286 2517 374 2603 rali,
394 2529 467 2585 tum
481 2511 517 2582 in
537 2508 786 2598 oeconomia,
806 2512 1053 2587 Professoriam
1070 2517 1114 2587 ab
1136 2514 1218 2609 ipso
1239 2510 1316 2587 Hal·

287 2614 356 2688 niae
382 2610 584 2693 fundatam,
608 2608 704 2682 unde
733 2608 778 2680 ad
808 2609 972 2683 scientias
1002 2612 1229 2704 praestem&
1252 2609 1318 2682 iru-

288 2709 422 2786 sluosas
451 2707 538 2778 adeo
570 2707 639 2798 jam
673 2705 831 2778 excitata
857 2707 908 2780 est
932 2707 1050 2782 Natio
1074 2708 1238 2798 Danica,
1262 2718 1315 2792 ut,

287 2805 529 2881 emulantibus
549 2803 587 2876 iu
608 2801 780 2898 Matheli,
801 2805 1039 2895 Mechanira,
1054 2805 1237 2880 attinens
1252 2823 1316 2900 mas

287 2903 440 2988 uuariis,
464 2897 689 2974 Oeconomia
721 2899 753 2971 dr
786 2901 945 2975 Historia
967 2903 1132 2975 Naturali
1160 2903 1314 2988 civibus,

286 3002 436 3098 palmam
451 2998 579 3069 ceteris
598 2997 747 3068 reddere
769 2998 937 3071 videatur
956 3000 1112 3076 dubiam.

380 3100 512 3169 Societas
536 3093 727 3166 Litteraria
749 3096 793 3166 ab
816 3094 977 3169 Eruditis
995 3096 1249 3194 nitrofienfibe
1270 3095 1315 3166 in·

284 3193 407 3269 stituta
422 3190 600 3263 rariffimis·
616 3190 747 3262 dudum
772 3192 939 3265 inclaruit
961 3207 1096 3267 naturae
1120 3192 1315 3278 miraculis,

285 3292 347 3366 sub
367 3290 452 3364 Polo
478 3288 625 3359 Arilico
650 3307 714 3382 per
737 3289 859 3361 omnia
881 3287 995 3362 secula
1020 3290 1313 3366 delitescentibus.

284 3389 327 3462 In
353 3390 413 3461 har
438 3384 658 3478 Episcopus,
687 3386 1314 3482 eruditionis-gloriaveremagnus,

284 3485 334 3557 D.
358 3488 542 3569 Guurerur,
568 3498 758 3574 utrumque
776 3483 935 3574 ejusdem
954 3483 1026 3556 Dei
1045 3484 1217 3573 Librum,
1244 3479 1315 3554 Na·

285 3601 393 3652 turam
411 3580 444 3649 dr
461 3579 753 3668 Revelationem,
772 3582 983 3676 conjungitr
1014 3591 1060 3654 ut'
1068 3583 1249 3674 juniorem
1260 3592 1316 3650 era

285 3678 478 3772 surgentem
508 3676 700 3748 Fabricium·
721 3676 757 3748 in
786 3675 1101 3774 Eutomologicis,
1138 3681 1263 3773 Zoegum
1283 3677 1314 3746 iu

284 3771 413 3848 Multis
437 3769 711 3863 investigandis,
745 3777 929 3848 Brruruirie
954 3777 992 3849 in
1016 3774 1314 3870 Ornitbdlugicis,

284 3873 477 3966 pluresque
490 3867 590 3942 alios
608 3872 804 3946 nominare·
821 3871 1072 3968 supersedeam.
1131 3861 1167 3950 Ο
1187 3872 1316 3954 Natiu-

363 4013 370 4028 .
1237 3984 1314 4044 nelli
