2640 4744
252 153 480 238 stmws
514 155 806 241 mutim
990 165 1063 258 etr

128 365 160 389 '⁶
200 365 209 378 ⁸
255 357 263 373 ¹
324 368 328 381 ⁴
364 371 381 383 '⁸
476 391 486 416 ι
538 335 609 414 lv·
898 369 911 382 “’
1051 358 1058 396 ²

105 432 258 528 spiritur
285 433 355 513 bio:
372 450 415 511 ut
440 341 558 534 ἧρπε
581 435 696 526 aeria,
729 447 851 528 parter
876 435 1006 512 solidae
1028 437 1066 516 lc

28 531 133 608 fluidae
149 531 295 622 adficit,
321 545 364 607 vt
381 537 495 610 odoror
514 553 607 608 vero
634 531 870 622 banneriis,
895 534 933 608 in
964 557 1065 610 cere·

28 632 108 703 brnm
133 632 206 726 agit
230 629 433 726 &systema
458 629 663 710 nervosum.
712 629 769 708 Ut
790 651 884 707 vero
909 631 983 708 hoe
1009 633 1064 710 in·

27 729 186 824 telligatur
201 727 335 804 reclina
343 729 611 820 ,adsectamea
628 752 649 806 t
666 725 864 824 posteriori
880 731 1063 826 probabo,

27 825 74 898 seu
92 849 154 922 per
177 827 466 920 experientiam,
491 844 571 920 quar
595 829 633 906 iu
651 825 866 914 dietetica'e,
896 827 1065 924 Phyflcov

27 945 88 1000 mm
110 925 368 1018 experimentis
386 925 603 1022 respondet,
628 947 707 1022 que
730 923 824 1004 nibil
844 923 971 1022 sumit,
996 925 1064 1008 ait

29 1021 106 1116 quod
120 1021 375 1120 experimento
389 1019 733 1122 confirmari-polilt.
1047 1029 1062 1048 ''

74 1300 77 1315 ,
139 1283 147 1294 .
467 1171 523 1318 ts
551 1219 605 1300 v.
636 1301 640 1309 .

102 1313 258 1393 Veteres
282 1315 462 1414 triplicem
486 1315 691 1394 statuebant
723 1315 886 1409 animam
902 1313 1066 1405 animali?

30 1433 90 1487 vn:
110 1415 391 1512 vegetativam,
414 1401 625 1496 Senlltivara
646 1413 929 1500 &Rationalem
936 1467 952 1508 ,
979 1435 1067 1510 quoq

30 1533 89 1584 rum
119 1513 216 1588 illam
252 1515 291 1590 in
326 1513 483 1594 medulla
514 1513 665 1610 spinali,
691 1512 802 1596 ,illam
835 1513 874 1590 in
908 1514 1067 1597 medulla
1128 1489 1137 1541 s

31 1609 226 1706 obiurgata,
252 1611 346 1689 banc
365 1611 514 1688 veroin
534 1613 717 1706 cerebello
739 1609 891 1688 residere
915 1611 1068 1703 affirma,

32 1703 118 1796 bantt
140 1731 260 1804 neque
292 1709 365 1784 hoc
395 1707 540 1807 prorsus
568 1709 641 1786 srno
667 1695 917 1815 fondamento.
966 1709 1067 1792 Nam
1120 1688 1161 1804 Ι,

32 1815 86 1878 tro
108 1827 240 1901 eaeque
271 1805 481 1883 differentes
516 1807 767 1882 observabant¹
789 1805 996 1886 saumones
1026 1807 1068 1886 in

32 1899 199 1980 substantia
228 1902 418 1982 medullari
449 1905 641 1997 eorporis,
683 1903 901 1999 principium
933 1927 1067 2000 nempe

33 1999 224 2094 medullare,
257 2006 355 2098 quod
388 2005 427 2080 in
461 2003 594 2096 nobis,
624 2001 744 2078 insciis
764 2021 807 2098 ac
836 2003 1065 2094 nolentibus,

34 2111 116 2190 tttt,
141 2101 240 2195 quod
264 2103 315 2176 illi
341 2105 564 2198 Vegetrtiu'am
585 2101 781 2188 Animam,
807 2095 982 2174 Stabl'ani
1005 2103 1067 2176 'aui

34 2205 87 2269 tem
104 2195 250 2294 implici
273 2198 575 2276 nomine-anima
597 2197 839 2294 adpellabant.
891 2195 1069 2295 Fungitur

35 2311 76 2363 ex.
95 2313 150 2388 gr,
171 2298 313 2372 acicula
341 2301 500 2392 corpus,
526 2293 762 2386 intumescit,
800 2293 1067 2388 inflammatur,

34 2391 151 2468 andem
177 2395 440 2492 suppuratione
471 2393 585 2484 satta,
602 2403 809 2471 'maturatur
830 2397 984 2486 vulnus,
998 2401 1067 2496 'ntff

35 2503 86 2574 que
101 2489 250 2572 sanatur.
296 2493 448 2590 Sanguis
465 2495 524 2568 hic
541 2491 786 2587 corrumpitur
799 2489 947 2570 dintbeii
964 2491 1068 2570 acida

34 2586 79 2656 vel
109 2593 272 2682 putrida,
307 2591 342 2666 ba
367 2591 410 2666 ad
434 2591 676 2667 'medullarem
703 2589 939 2666 substantiam
964 2597 1068 2666 acc'ei
1211 2603 1214 2611 '

35 2679 102 2758 leni
123 2687 260 2764 febrem
283 2689 526 2765 excitetcum
553 2687 854 2784 horripilatione,
884 2688 1008 2762 calore
1033 2687 1068 2764 bt

36 2779 93 2854 crisa
117 2787 261 2862 tandem
292 2799 509 2862 evacuante.
556 2785 684 2862 Febris
708 2785 938 2862 Hemitritaea
957 2785 1068 2860 vehes

35 2881 241 2976 nentissima,
277 2881 605 2961 haemorrhoidibue
634 2881 761 2972 cecla,
790 2903 872 2956 cum
899 2883 1069 2959 horribili

36 2969 140 3053 dolore
166 2981 511 3075 intumescentibus,
542 3000 609 3078 per
638 2979 824 3056 oiliduum
849 2979 939 3076 sepe
958 2979 1071 3058 celsat'

36 3067 307 3172 &suspenditurt
336 3081 391 3156 bie
415 3101 506 3156 vero
530 3093 610 3155 arte
629 3078 764 3176 apertis
787 3079 822 3154 bt
845 3078 976 3156 dolore
998 3079 1072 3156 bae«

36 3175 247 3252 nurboidati
272 3177 450 3268 cessante,
479 3177 592 3254 febrit
619 3175 761 3254 cursum
781 3176 880 3252 suurn
898 3177 1070 3254 conanus

37 3277 70 3339 tt
113 3271 185 3349 Cor
211 3277 346 3370 pulsat,
370 3293 492 3352 motus
515 3275 699 3374 peragitur
718 3271 980 3371 perillalticue,
1006 3275 1074 3352 ert'l

37 3367 195 3448 crationes
213 3373 462 3482 secernantur,
480 3397 553 3470 ope
570 3393 784 3463 nervorum,
800 3371 931 3466 quibos
948 3371 1072 3450 omnis

37 3455 163 3542 debatur
184 3487 329 3558 motus,
354 3489 461 3568 atque
488 3474 564 3548 baec
592 3473 717 3546 omnia
740 3471 849 3546 nobis
873 3472 981 3546 etiam
1001 3482 1073 3546 no-'

36 3553 169 3640 lentibus
186 3573 375 3646 eveniunt.
426 3570 561 3646 Anima
580 3567 743 3666 Serrfitiua
765 3567 838 3658 eil,
865 3591 943 3663 que
961 3569 1075 3644 sentit

36 3671 67 3726 tc
90 3665 238 3758 percipit
262 3691 327 3766 per
351 3687 487 3766 organa
513 3681 686 3759 externa,
719 3681 933 3762 motumque
959 3665 1075 3744 efficit

34 3757 277 3853 lOluntarium,
303 3767 341 3843 in
368 3767 639 3856 ambulatione,
675 3763 800 3852 cursu,
825 3765 1070 3856 aversatione,

34 3847 200 3948 “petitae
231 3865 415 3944 mmo
436 3865 557 3944 aalma
573 3863 735 3962 judicat,
759 3861 940 3942 deliberat
958 3863 995 3977 bf
1015 3884 1073 3936 ra··

959 3964 1070 4040 troci·
