2724 4746
276 185 325 266 86
558 181 727 261 MORBI
756 180 1058 259 ARTIFIOUM.

733 369 767 456 s.
817 361 885 437 111.

374 471 467 552 Cum
486 476 578 552 adeo
595 481 706 554 multa
728 479 796 552 s1nt
811 476 981 572 opificia,
1006 472 1237 554 exercitiis&
1255 469 1322 544 sub·

274 569 373 664 jet'io
393 575 483 649 mire
501 575 664 669 diversa,
694 578 860 668 idemque
883 598 975 670 opus
999 576 1040 648 srt
1065 573 1323 672 quotidianum,

276 666 356 744 fieri
380 694 455 747 non
483 674 624 766 potest,
662 677 750 768 quin
772 697 818 748 ex
846 696 969 746 errore
999 674 1202 759 diaetetico,
1236 666 1323 740 Arti-

276 764 365 840 ficio
391 772 625 861 combinato,
660 774 725 848 nili
748 795 901 862 caveas,
925 773 1028 845 multi
1051 772 1213 844 oriantur
1239 783 1323 837 mor·

276 864 338 954 bi,
367 868 401 938 id
430 868 527 960 quod
548 870 736 947 manifeste
763 871 900 943 docent
923 871 1192 966 experimenta,
1219 865 1322 955 neque

279 961 487 1056 Opificibus
503 967 622 1059 idem,
648 968 747 1062 quod
770 968 972 1061 Bombyci,
998 968 1176 1040 convenit
1195 961 1322 1034 Emblc·

277 1081 355 1136 ma:
386 1065 473 1138 Arte
495 1091 562 1137 meo
581 1084 695 1162 pereo,
724 1071 883 1163 ttrmulum
895 1073 974 1139 mibi
987 1064 1134 1156 falnicor
1151 1067 1224 1159 ipse.
1333 1091 1335 1096 ’

375 1161 798 1258 AG-RICOLASprimo
814 1167 902 1236 loco
916 1165 1089 1252 adseram,
1114 1163 1196 1254 quia
1212 1173 1322 1230 eorum

278 1276 337 1332 ars
354 1259 518 1334 omnium
542 1261 593 1336 est
611 1260 910 1356 prestantiffima,
935 1283 1133 1354 corumque
1153 1253 1321 1352 produlia,

278 1356 420 1430 caeteris
446 1357 535 1452 saepe
562 1361 800 1446 vacantibus,
835 1375 994 1434 emtores
1018 1357 1221 1433 inveniunt.
1272 1345 1322 1421 Est

278 1451 353 1526 hoc
379 1453 532 1535 studium
561 1458 717 1534 maxime
740 1459 926 1548 naturale,
962 1457 1103 1531 varium
1126 1449 1320 1558 admodum,

277 1548 452 1646 fimulque
480 1568 632 1647 gratum,
694 1553 846 1628 Natura
872 1555 1011 1648 legibus
1038 1557 1153 1648 probe
1180 1545 1322 1630 edonis,

277 1665 381 1718 nova
410 1649 492 1722 heic
509 1651 674 1742 quotidie
699 1652 849 1726 inventa
873 1653 942 1724 sese
968 1652 1154 1740 offerunt,
1183 1649 1322 1721 humano

133 1775 141 1794 ·
277 1744 405 1838 generi
428 1748 631 1838 profutura.
691 1748 733 1825 In
756 1750 894 1846 praedio
921 1750 1146 1842 acquirendo
1172 1737 1325 1848 pecunias

281 1841 345 1952 qui
364 1843 546 1935 collocat,
573 1847 817 1940 hypothecam
835 1849 945 1923 habet
963 1847 1210 1929 certiffimam3
1235 1831 1326 1910 aedrfi·

279 1958 349 2011 cns
364 1942 461 2015 enim
481 1942 614 2019 exustis
631 1949 691 2018 vel
712 1946 885 2039 direptis,
913 1959 1008 2019 terra
1026 1960 1151 2019 tamen
1172 1943 1323 2041 remanet

280 2033 367 2110 Viri
399 2041 570 2132 maximi,
614 2045 825 2118 muneribus
861 2041 1146 2138 splendidillimis
1182 2036 1323 2128 fatigati,

279 2131 382 2225 asylo
408 2137 552 2214 tandem
576 2140 613 2215 in
636 2143 736 2216 senio
759 2165 843 2217 rure
869 2140 1037 2236 quaesrt0,
1066 2137 1323 2220 delectationem

278 2229 383 2306 fimul
400 2233 433 2304 dt
450 2235 586 2310 villum
605 2241 857 2313 obtinuerunt.

381 2333 508 2405 Similis
524 2331 699 2428 (Adriani
715 2329 943 2426 Praefectus),
968 2335 1177 2410 muneribus
1194 2329 1251 2402 diu
1266 2321 1323 2393 cla·

280 2447 367 2512 rus,
393 2428 524 2499 ultimo
542 2429 635 2503 banc
656 2431 871 2506 felicitatem
888 2435 1030 2530 attigit,
1059 2433 1195 2528 suoque
1212 2437 1322 2500 moni·

280 2536 411 2594 mento
426 2523 499 2596 hoc
518 2524 662 2601 inscribi
680 2528 793 2623 juffit:

358 2631 485 2704 Similis
501 2639 569 2708 heic
578 2639 688 2728 jacet,
711 2644 765 2710 cui
784 2653 861 2711 aetas
875 2642 1049 2714 multorum
1064 2639 1235 2716 Annorum
1242 2626 1322 2722 soil,

360 2729 486 2826 Septem
510 2735 668 2808 duntaxat
690 2757 787 2808 emnos
812 2742 910 2812 uixit.

280 2837 381 2950 Hele
400 2841 546 2916 tandem
573 2844 654 2937 post
681 2849 811 2920 multas
836 2869 939 2921 curas
964 2849 1168 2941 quiescere,
1195 2839 1271 2918 beic
1290 2827 1323 2941 l}-

281 2935 421 3010 berrori
449 2939 712 3033 &salubriori,
748 2967 852 3037 quam
878 2947 915 3020 in
937 2947 1086 3022 urbibus
1113 2953 1215 3031 alite,
1240 2935 1324 3023 dlis·

280 3034 424 3145 busque
445 3037 590 3112 inemtis
609 3039 957 3136 suppliciorum,
983 3059 1092 3137 atque
1109 3044 1201 3117 adeo
1223 3031 1265 3107 ad
1284 3024 1324 3100 st·

281 3144 434 3208 nitatem
452 3136 735 3214 conservandam
755 3140 979 3234 aptioribus,
1009 3143 1079 3216 srui
1098 3146 1196 3216 licet.

358 3251 491 3335 Orus,
520 3255 642 3345 qurnrlo
666 3278 720 3347 ego
742 3269 772 3327 te
791 3255 985 3350 adspirinnm
1009 3261 1191 3350 plaudoque
1212 3243 1307 3321 licebit

355 3348 461 3422 Nunc
478 3364 621 3420 veterum
638 3355 754 3439 libris,
780 3377 864 3424 nunc
873 3353 986 3446 somno
998 3357 1041 3440 s?
1054 3353 1210 3430 inertibus
1228 3341 1322 3417 loris,

355 3445 641 3540 Duceresolicitae
662 3452 810 3542 jucundo
833 3453 953 3522 oblivio
976 3457 1066 3528 olto.

361 3539 645 3654 ⁴RUSTlCOS,
668 3567 798 3657 quibus
815 3564 980 3658 quotidie
999 3561 1255 3642 laborandum,
1278 3543 1325 3627 &r

125 3690 133 3703 ·
280 3660 441 3740 minimis
457 3660 602 3735 suorum
625 3663 790 3738 laborum
813 3659 989 3738 fruslibus
1006 3665 1043 3738 in
1069 3657 1238 3758 proprios
1256 3637 1325 3717 usus

278 3759 453 3847 retentis,
477 3761 703 3852 canendum,
731 3765 787 3835 Sic
805 3785 862 3835 oos
880 3783 940 3830 non
957 3767 1071 3848 oobls,·
1094 3784 1139 3835 ex
1158 3749 1326 3827 salsamen-

278 3859 349 3952 tis,
380 3859 509 3952 quibus
529 3859 624 3952 apud
639 3881 709 3935 nos
727 3858 824 3935 vesci
846 3856 987 3954 solent,
1012 3874 1123 3937 vexat
1142 3849 1325 4027 surm
