2716 4748
314 151 541 234 nunnus
568 153 865 236 1Nv1s1nn1s.
1047 177 1120 256 ros
1254 116 1256 125 ¹

66 335 170 432 quod
199 335 296 427 song
334 337 469 413 intrare
491 335 592 412 ausus
620 335 693 424 elit
732 335 791 412 sed
817 335 967 414 euriosss
998 346 1121 412 tanen

64 437 139 510 hoc
166 436 378 527 inventurn,
408 435 613 510 adcuratius
634 433 869 530 penitentum,
892 437 1044 512 multum
1067 435 1122 512 lu·

64 537 119 609 cir
135 531 237 608 dabit
254 549 362 628 atque
376 531 640 609 illustrationis.

161 760 255 837 Sunt
280 759 444 838 rudiores
462 759 656 851 nonnulli,
684 757 1043 840 MlcROGRAPHI
1070 761 1123 836 di-

65 857 138 950 eli,
171 860 233 956 qui
262 857 412 952 optimis
436 856 711 952 microscopiis‚
746 858 850 932 velut
875 857 1045 952 lucerna,
1078 859 1125 934 ad

65 957 241 1034 obscuros
257 973 393 1033 naturae
410 955 560 1052 angulos
577 969 768 1048 penetrare
786 955 1000 1054 sategerunt.
1050 955 1123 1032 Tr·

63 1057 121 1130 les
142 1055 245 1132 suem
277 1077 309 1130 e.
329 1074 363 1152 g.
392 1051 530 1154 Jollot‚
555 1051 682 1146 Hoser,
715 1052 844 1142 Hoolr,
876 1053 1122 1140 Lemweooeu

68 1153 233 1242 Grindell,
259 1157 359 1242 Cunot
381 1149 521 1237 Adone,
536 1151 655 1240 Baiter,
676 1153 854 1240 Nouellum,
872 1151 1017 1240 Wolirn
1031 1153 1123 1242 Hill,

67 1244 193 1340 Rosci,
213 1253 455 1338 Ledennitller,
475 1246 628 1344 Sclae'ffer
645 1249 712 1324 dic.
768 1249 934 1352 Quorum
956 1249 1123 1344 plurimi,

65 1349 395 1445 microscopiorunr
426 1369 521 1442 ope,
557 1347 718 1440 liquores
741 1345 888 1438 varios,
912 1349 1123 1437 moinum,

67 1461 236 1539 acetum,
271 1442 467 1522 infuliones
491 1465 513 1517 e
541 1443 666 1538 pipere
694 1444 728 1518 dt
756 1443 858 1534 aliis,
895 1445 1126 1518 examinave-

65 1557 176 1636 runt,
200 1543 389 1620 &diverse
406 1543 457 1614 ibi
475 1542 713 1617 observarunt
728 1561 908 1638 corpora,
930 1543 1035 1617 vario
1052 1541 1127 1616 hue

68 1643 161 1717 illuc
192 1640 354 1716 nutantia
381 1651 507 1732 motu,
538 1661 608 1714 nee
633 1653 776 1731 tarnen,
801 1653 919 1713 utrunr
945 1639 1125 1732 ejusmodi

66 1741 283 1816 Animolcula
297 1737 455 1834 infusoria
469 1759 555 1812 verr
572 1737 709 1812 fuerint
723 1757 881 1832 corpora
895 1737 1004 1829 viva,
1022 1757 1125 1832 orga-

66 1837 129 1911 nis
148 1835 336 1924 instruile,
363 1857 407 1910 an
421 1855 512 1912 vero
527 1833 622 1910 eliud
636 1835 818 1930 quidpiam
833 1833 1004 1926 salinum,
1022 1837 1124 1910 oleo·

66 1933 144 2009 sum
164 1936 230 2009 dte.
251 1933 528 2030 perspexerunt,
555 1953 673 2027 oeque
692 1933 777 2009 ideo
795 1931 974 2030 systemati
992 1934 1125 2007 anima·

66 2033 160 2116 lium
176 2030 330 2108 inserere
350 2029 431 2106 sunt
449 2031 531 2105 tufi.

170 2245 225 2322 Ut
252 2245 407 2323 scientior
433 2259 577 2322 veteres
601 2245 818 2322 scholastice
843 2247 970 2324 nostro
1020 2243 1126 2324 utilli-

70 2367 171 2422 inum
188 2344 307 2420 seculo
323 2345 585 2435 decreverunt,
613 2345 664 2420 ita
682 2345 869 2442 pialtico,
892 2361 933 2421 ut
949 2269 1127 2421 ndrono-

69 2447 161 2536 mia,
176 2441 335 2518 Scientia
348 2443 385 2517 N
389 2445 549 2536 acutulis,-
564 2443 795 2536 Mechanico‚
812 2443 1014 2536 Medicina,
1036 2441 1128 2518 Che·

70 2541 168 2630 mia,
211 2555 305 2616 artes
340 2543 560 2632 Manuariae,
596 2543 726 2636 majori
760 2541 878 2616 studio
903 2543 984 2618 sunt
1007 2543 1127 2616 ercul-

73 2654 121 2712 tae
139 2635 212 2733 (').
263 2639 458 2732 Nunquam
486 2638 567 2713 sane
594 2637 741 2716 scientie
763 2639 1038 2730 Oeconomico,
1069 2661 1129 2714 me

71 2737 210 2833 judice,
230 2735 375 2810 solidius
400 2737 470 2810 fuit
488 2737 685 2830 proposita,
704 2757 808 2832 quarn
827 2737 864 2811 in
882 2737 999 2828 libro,
1022 2757 1128 2830 quem

72 2832 176 2910 dedit
194 2837 432 2930 Anonymus,
456 2832 518 2908 sub
537 2835 687 2910 nomine
708 2835 783 2910 Der
807 2835 1023 2922 Housvuter,
1051 2833 1127 2927 qui·

71 2953 148 3026 que
165 2930 305 3006 duobus
323 2931 570 3008 voluminibus
586 2932 711 3008 formae
730 2933 867 3008 odiavae
888 2932 1018 3008 iterum
1045 2953 1129 3028 pro-

69 3031 145 3104 diit
168 3029 317 3104 Hanov.
345 3035 448 3122 1766.
498 3027 759 3105 Inaestinrabilir
784 3029 908 3106 audior
932 3031 1054 3122 operis
1078 3027 1130 3104 est

67 3128 179 3221 supra
192 3127 354 3202 laudatus
369 3127 450 3202 Lib.
466 3125 546 3202 Bar.
568 3131 647 3204 Otto
665 3129 926 3228 winedhusen,
943 3127 1129 3202 Guberna-

69 3239 137 3298 tor
158 3225 419 3316 Provincialis,
444 3221 518 3298 &e
541 3223 779 3300 Nobiliffimis
809 3224 954 3300 familiis
979 3225 1129 3300 Hanno·

66 3322 223 3396 veraois
241 3323 426 3398 oriundus.
456 3321 601 3416 Scripfit
615 3321 675 3398 hic
696 3324 766 3396 Vir
782 3322 935 3398 summus
951 3323 993 3396 ad
1014 3321 1128 3398 Dom.

66 3419 261 3496 Praefidem
278 3435 362 3494 ante
380 3419 618 3512 decennium,
642 3421 677 3495 se
694 3419 892 3512 invenille,
917 3419 1015 3514 quod
1041 3421 1131 3514 Usti-

67 3525 149 3613 tago
179 3517 304 3594 Hordei
330 3517 428 3594 vivis
455 3515 598 3592 constet
625 3517 871 3608 animalculis3
909 3539 1007 3592 nunc
1031 3516 1132 3592 deni·

69 3637 149 3711 que
174 3617 211 3692 in
242 3637 356 3712 opere
387 3637 502 3712 nuper
526 3615 719 3692 nominato
741 3629 897 3714 narrat„
918 3637 995 3692 non
1018 3613 1132 3788 s⁰f¹⁰¹l¹

1066 3734 1133 3786 arr·

74 3827 1136 4016 Wnfflfflffl

155 3947 225 4015 Ati.
237 3943 299 4032 soc.
355 3947 503 4036 idiosum.
528 3949 597 4020 Vol.
604 3971 637 4032 3.
