2724 4746
262 215 311 295 66
392 209 787 289 OPOBALSAMUM
816 193 1217 288 DECLARATUM.¹

263 449 291 492 „
301 395 425 484 foliis,
458 392 515 465 sed
540 393 674 484 absque
695 341 870 480 floribus,
897 391 941 465 ad
962 392 1116 465 Giddam
1135 387 1327 480 conspexi.

263 493 405 588 „Folia
430 491 554 563 omnia
578 505 682 567 erant
706 505 868 580 tornata,
896 491 1060 582 adeoque
1090 513 1165 563 non
1192 487 1236 559 ad
1265 488 1329 560 fo·

263 590 349 687 „lia
376 588 512 682 magis,
542 610 647 680 quam
676 587 851 677 fruitam,
887 588 1012 682 Alpini
1042 588 1232 659 uidebatur
1261 585 1330 656 de·

263 688 456 784 „lineatio
473 684 654 759 adcurate.
699 686 829 758 Remus
848 686 1001 779 quilibet
1013 681 1333 780 fragrantiffimum

263 784 451 882 „Balsami
468 784 513 857 de
529 785 658 856 Mecca
676 783 827 857 odorent
849 783 978 858 fractus
996 783 1192 877 spargebat.
1252 781 1331 852 Ar·

263 879 1331 980 „boresspontepropeMedinammagnactescuntcopia,

265 998 411 1078 „atque
429 981 479 1052 ibi
495 995 634 1054 tantum
654 1003 699 1052 ex
716 980 786 1052 illis
802 978 995 1052 Balsamum
1010 980 1205 1072 colligitur.
1225 977 1332 1049 Heio

265 1079 349 1174 „ad
379 1078 506 1174 Jemen
538 1079 704 1151 arborem
739 1079 888 1166 iuveni,
917 1099 1021 1170 quam
1046 1075 1251 1169 Apustium,
1291 1075 1332 1145 id

265 1175 379 1272 „est,
406 1175 631 1268 fragrantem,
672 1190 811 1248 vocant
838 1176 988 1248 Arabes.
1048 1173 1164 1268 Foliis
1196 1174 1254 1242 illa
1294 1171 1333 1242 bt

265 1275 421 1370 „odore
446 1276 627 1348 Arborern
651 1271 822 1361 Balsami,
855 1271 981 1346 Giddae
1006 1270 1137 1357 visam,
1163 1267 1332 1362 perteue

266 1373 435 1468 „refert;
465 1372 529 1444 nist
558 1369 654 1463 quod
681 1371 803 1443 omnia
826 1371 931 1462 plane
956 1365 1046 1441 folia
1074 1370 1140 1440 sint
1168 1380 1328 1439 ternata.

265 1469 453 1564 „Fruitus
488 1465 768 1560 Carpebalsamo
803 1467 959 1560 perfeiie
989 1467 1132 1555 similis,
1169 1477 1209 1536 ut
1238 1486 1332 1538 eum

266 1567 464 1661 „Alpinus
489 1564 584 1637 reite
612 1564 823 1642 delineavit.
873 1565 1001 1638 Flores
1025 1566 1103 1657 ejus
1124 1561 1221 1650 vidi,
1249 1560 1330 1635 Ge·

266 1685 374 1758 „nus
391 1662 540 1755 Amyris
561 1664 667 1756 plane
689 1663 931 1736 ostendentes.
983 1661 1046 1735 Est
1076 1662 1143 1732 alia
1174 1680 1333 1752 quoque

266 1760 388 1856 „heic
409 1759 452 1833 ad
475 1761 602 1855 Jemen
628 1760 789 1853 ejusdem
811 1760 964 1833 Generis
989 1758 1139 1852 species,
1157 1758 1260 1850 cujus
1285 1759 1333 1829 li·

265 1879 415 1956 „gnum
449 1858 487 1932 iu
518 1856 718 1954 AEgyptum
748 1879 883 1950 usque,
914 1859 956 1931 ad
986 1858 1120 1952 pocula
1154 1854 1331 1930 &urnas

265 2007 296 2050 „
305 1954 512 2047 suffiendas,
538 1956 735 2030 transmitti
754 1955 855 2028 solet

364 2052 421 2126 Ex
453 2050 718 2144 nevidunus,
743 2054 893 2148 singulas
917 2052 981 2127 bas
1012 2050 1147 2145 species
1174 2049 1332 2139 Amyris

263 2149 330 2226 suo
350 2172 509 2244 quasque
530 2152 642 2224 modo
659 2151 728 2225 effe
748 2151 1013 2236 Balsamiferas,
1038 2164 1078 2222 ut
1099 2163 1223 2240 quarta
1248 2146 1334 2238 spe·

265 2252 342 2323 cies
365 2253 402 2323 in
424 2249 622 2341 Speciebus
639 2247 843 2323 Plantarum
871 2248 1019 2342 proprie
1037 2262 1193 2320 vocetur
1207 2247 1332 2340 Balsa·

264 2346 384 2438 misera
408 2347 452 2418 ab
473 2344 660 2418 Odoribus
677 2346 900 2436 Balsamicis,
923 2367 1014 2437 quos
1035 2344 1143 2417 ramis
1163 2345 1239 2434 ejus
1262 2345 1334 2414 tri-

265 2443 347 2517 buit
372 2444 527 2532 Sloane,
553 2443 613 2534 qui
639 2443 774 2538 lignum
809 2443 877 2514 effe
908 2443 1092 2516 Rhodium
1129 2441 1333 2516 existimat.

264 2539 431 2613 Tertiam
463 2539 656 2634 Speciem,
695 2540 754 2613 seu
782 2540 972 2631 toxisirmn,
1015 2563 1125 2613 nemo
1170 2538 1335 2626 amplius

265 2638 390 2713 credat
423 2652 641 2712 venenatam
671 2638 760 2727 elie,
797 2640 961 2731 quamvis
986 2636 1193 2710 Catesbaeus
1226 2635 1338 2712 illam

266 2736 425 2829 adpellet
449 2735 775 2811 Toxicodendrum
811 2759 856 2810 ex
881 2738 997 2823 facie,
1033 2733 1208 2827 imprimis
1239 2755 1337 2809 cum

264 2833 465 2908 Botanicus
485 2831 558 2927 ipse
575 2855 653 2908 non
675 2833 775 2924 esset,
795 2835 851 2908 sed
870 2835 978 2906 solers
997 2849 1115 2905 tamen
1134 2832 1335 2910 collemor.

362 2932 396 3003 A
425 2931 543 3024 specie
572 2929 658 3005 Irma
689 2931 853 3006 adfinitas
887 2931 1032 3004 Gummi
1066 2930 1182 3002 Elcmi
1213 2927 1335 3021 spurii

265 3030 301 3103 ot
334 3025 568 3122 Opobalsami
604 3029 847 3124 cognoscitur.
911 3029 984 3115 At,
1018 3039 1059 3099 ut
1088 3026 1137 3099 D.
1167 3027 1339 3120 Jacquin

264 3141 409 3217 narrat,
435 3126 535 3219 quod
558 3125 693 3219 species
718 3142 792 3199 tum
816 3128 952 3218 prima,
984 3142 1059 3198 tum
1085 3123 1236 3197 secunda
1255 3123 1339 3198 fra-

263 3239 450 3395 grantem,
486 3221 545 3296 sed
578 3223 679 3297 srmul
705 3223 973 3318 quodammodo
1002 3225 1204 3316 ingratum,
1231 3220 1340 3315 spar-

264 3324 319 3420 git
343 3345 367 3395 o
395 3343 508 3395 orem.

363 3419 541 3523 Quamvis
573 3438 666 3492 vero
695 3417 975 3512 Opobalsamum
1011 3419 1055 3492 ad
1093 3419 1164 3490 boc
1196 3417 1341 3495 Genus

264 3517 466 3612 pertineat,
497 3515 633 3608 species
661 3531 780 3591 tamen
806 3516 857 3590 est
883 3539 904 3590 a
929 3530 1085 3610 quatuor
1108 3518 1179 3608 jam
1206 3516 1341 3590 deter-

263 3616 433 3702 minatis,
463 3616 573 3706 inque
600 3615 772 3687 America
796 3616 908 3688 solum
941 3617 1060 3688 natale
1083 3614 1342 3708 habentibus,

263 3715 371 3809 piane
392 3712 568 3785 distincta.
619 3712 735 3785 Foliis
759 3713 901 3805 quidem
928 3711 1209 3806 Opobalsamum
1239 3734 1342 3806 gau-

264 3811 327 3883 det
347 3809 519 3896 cernatis,
544 3821 587 3882 ut
609 3809 688 3883 due
705 3809 840 3903 species
861 3813 1022 3901 priores3
1050 3808 1106 3882 sed
1130 3831 1214 3881 cum
1237 3833 1343 3884 neu-

265 3923 321 3984 tra
344 3907 547 3982 combinari
576 3907 718 4000 potest3
745 3929 827 3984 nam
845 3905 1127 4003 Opobalsamum
1149 3908 1240 3980 t‘olia
1259 3908 1344 4078 ga·

1296 4025 1344 4082 et
