2688 4752
296 181 367 251 roo
742 176 928 256 berun.

388 465 537 540 CURA.
583 469 725 564 Leprnm
750 469 952 564 propulfuri
984 465 1176 541 adhibuere
1202 482 1326 545 veteres

265 603 266 608 =
292 563 435 640 toftum
454 587 499 638 ex
520 569 844 662 Viperisjusculum,
871 569 969 659 quod
988 582 1104 639 tamen
1121 565 1242 638 nostro
1255 583 1326 640 tem·

290 685 520 756 pomparum
539 663 707 738 succedit
738 664 807 736 Sed
823 665 1083 738 obseruandum
1101 664 1222 754 juxta,
1243 665 1326 738 fuille

295 764 445 855 Viperum
469 775 632 835 ueterum
660 766 832 836 colubrum
860 766 896 836 S.
931 766 981 836 N.
1009 781 1086 850 140.
1117 782 1194 834 cum
1219 784 1326 834 econ·

288 859 402 930 trano
418 873 570 932 utuntur
588 859 767 934 nostrates
786 863 922 935 Culubro
939 864 1033 933 Bere.
1080 857 1259 932 Novimus
1275 861 1326 931 sci·

288 957 397 1042 licet,
428 979 532 1030 veras
557 958 646 1030 olim
665 957 821 1050 Viperas
843 958 1035 1032 exsiccatas
1058 956 1173 1048 plenis
1192 959 1326 1028 nauibus

288 1076 333 1125 ex
360 1055 523 1149 AEgypto
551 1055 747 1129 Venetiam
778 1055 880 1129 fuiffe
909 1057 1118 1129 translatas:
1156 1056 1324 1144 jamvero

284 1152 580 1245 Pharmacopolae
598 1154 725 1228 Rerum
740 1153 899 1227 nostrum
917 1155 1100 1249 vulgarem
1114 1150 1323 1239 substituunt,

285 1249 437 1343 perinde
453 1251 626 1324 habentes
650 1252 734 1344 quiid
751 1254 972 1346 propinent,
998 1248 1193 1323 dummodo
1209 1250 1247 1322 fit
1266 1247 1323 1320 Co·

284 1349 400 1421 luber.
440 1347 531 1421 Rem
546 1370 638 1421 vero
655 1371 881 1443 nequaquam
901 1349 1029 1421 eodem
1049 1348 1236 1435 recedere,
1256 1345 1323 1418 satis

285 1445 445 1518 ostendit
469 1447 530 1517 vel
554 1447 646 1520 odor
672 1447 709 1520 in
739 1445 886 1519 diverfis
914 1445 1139 1538 serpentibus
1160 1441 1321 1534 diversus,

283 1563 445 1617 necnon
464 1563 564 1637 aeque
582 1543 696 1638 dispar
712 1567 758 1618 cx
773 1543 892 1618 morsu
910 1543 1074 1618 elicitus.

381 1714 660 1808 demrgprum,
686 1725 859 1806 quantum
879 1711 1022 1806 quidem
1049 1707 1319 1786 hafienusnovi·

280 1833 383 1899 mus,
407 1809 545 1884 infeliis
571 1812 739 1884 omnibus
762 1831 891 1884 necem
917 1810 1115 1883 accelerat:
1148 1809 1250 1904 igitur
1270 1825 1320 1875 ve·

280 1923 377 1980 teres
406 1906 465 1980 fua
491 1930 558 2002 pro
583 1909 797 2002 hypothesi,
830 1929 900 2000 qua
923 1928 1066 1979 vermes
1092 1929 1174 1981 cum
1199 1901 1318 1977 inseetis

280 2007 533 2097 confundunt,
565 2007 674 2080 etiam
704 2027 847 2080 vermes
870 2005 1145 2079 mercurialibus
1171 1999 1318 2075 extermi-

280 2125 370 2177 nare
392 2104 516 2178 eonati
544 2101 644 2195 funt,
684 2103 783 2198 quod
809 2103 904 2177 idem
935 2102 1132 2176 etiamnum
1160 2115 1319 2176 conantur

278 2203 373 2275 haud
398 2203 515 2295 pauci.
577 2199 754 2294 Equidem
783 2222 861 2274 non
886 2202 1099 2296 negaverim
1133 2202 1318 2273 Mercurium

278 2304 421 2386 dulcem,
450 2313 626 2390 quatenus
648 2311 882 2393 purgantem,
910 2319 1054 2370 vermes
1076 2299 1220 2372 intubo
1243 2296 1317 2368 inte·

276 2395 396 2468 ssinali
433 2394 651 2481 disturbare3
690 2417 929 2488 quamquam,
967 2395 1065 2487 quod
1100 2397 1250 2490 ingenue
1277 2390 1317 2463 f-

277 2507 377 2578 tear,
413 2491 510 2584 quod
537 2493 804 2566 mercurialium
838 2493 945 2567 unice
975 2495 1159 2568 vermibus
1191 2489 1316 2564 officere

275 2589 363 2663 mihi
389 2589 551 2679 constat,
585 2590 637 2664 est
660 2591 811 2686 AEtbiopr
834 2597 1022 2678 mineralis,
1058 2590 1221 2686 inprimis
1247 2587 1315 2680 igne

273 2701 516 2776 oraeoaratus,
564 2708 670 2782 quem
706 2703 827 2764 tamen
863 2689 1101 2783 utplurimum
1137 2691 1207 2781 jrm
1234 2681 1315 2758 dele

272 2803 424 2859 ruerunt
447 2787 610 2874 Medici,
635 2787 878 2861 obtendentes
907 2785 975 2858 effe
996 2787 1098 2860 illum
1125 2785 1219 2860 aliud
1239 2776 1315 2857 nihil

273 2905 378 2976 quam
393 2885 579 2979 fuliginem
598 2884 810 2975 Mercurio,
836 2885 941 2957 servo
960 2885 1039 2976 ejus
1058 2883 1217 2980 fugitivo
1237 2879 1314 2952 Che

271 2981 454 3055 mistarum
480 2985 572 3075 ignis
591 2983 628 3054 vi
651 2995 876 3075 evaporato,
904 2981 1104 3069 redduam;
1128 2994 1165 3056 at
1188 2977 1254 3073 ipsa
1271 2975 1314 3047 l·

271 3079 346 3170 ligo
367 3080 604 3174 gravillimum
632 3081 816 3154 vermibus
840 3078 891 3152 est
911 3079 1097 3169 toxicum,
1126 3077 1221 3173 quod
1244 3071 1312 3146 fatis

270 3191 375 3268 patet
391 3178 468 3270 ejus
485 3177 568 3250 dum
584 3179 734 3271 pulvere
753 3177 1049 3270 consperguntur.
1096 3173 1312 3270 Experimen-

270 3291 346 3346 tum
369 3278 539 3368 Baglioim
572 3297 645 3368 quo
670 3276 869 3348 lumbricos
892 3274 1019 3364 injecit
1036 3274 1216 3347 mercurio
1233 3269 1312 3340 vivo

270 3393 351 3445 cum
379 3395 469 3466 aqua
497 3374 614 3447 mixto
638 3372 826 3464 probeque
850 3372 1008 3465 agitato,
1048 3372 1085 3445 in
1109 3391 1181 3462 quo
1207 3381 1312 3440 tamen

269 3491 333 3560 per
363 3471 457 3544 diem
485 3495 527 3544 uc
557 3469 699 3544 notium
731 3471 857 3541 vixere
888 3471 1084 3563 integram,
1121 3468 1201 3540 satis
1227 3479 1311 3569 com·

268 3567 456 3657 monstrat,
485 3593 550 3642 eos
572 3568 752 3642 mercurio
771 3566 864 3639 haud
885 3566 966 3638 fatis
983 3568 1175 3640 commode
1190 3577 1312 3642 necari,

268 3677 308 3733 ut
323 3681 459 3738 taceam
479 3668 527 3739 D.
547 3671 672 3761 Scopuli
687 3666 1004 3753 observationem,
1029 3665 1126 3756 quod
1143 3660 1229 3736 nulli
1244 3675 1313 3727 ver·

267 3764 446 3834 minantes
473 3765 639 3837 homiues
663 3764 951 3856 frequentiores,
981 3783 1084 3854 quam
1110 3763 1146 3833 in
1170 3756 1314 3850 Hydrar·

265 3861 359 3954 gyrii
391 3860 527 3938 fodinis
558 3861 778 3938 carniolicis.
828 3859 939 3936 Unde
967 3859 1056 3933 nihil
1084 3859 1232 3947 mirum,
1253 3863 1312 4020 ttog

1269 3965 1296 4018 re
