2724 4746
252 212 297 299 rt
545 191 723 268 utrem
758 157 1012 266 mentun.

252 401 330 456 non
348 399 430 452 raro
448 373 557 447 scatet
574 371 724 460 Acerris,
751 368 847 444 unde
867 369 994 440 Scabies
1011 365 1195 459 provenit.
1251 360 1319 436 Ab

252 481 342 555 acido
359 477 531 572 [spontaneo
557 469 679 543 scrinio
703 467 964 562 praeserventur
991 463 1170 552 infantes,
1206 463 1319 552 cuiue

252 575 371 652 morbi
395 570 581 666 prognosrs
598 568 788 640 evidenter
813 564 994 648 cernitur,
1027 560 1169 652 quando
1197 561 1320 632 facies

253 675 367 770 pallet
390 671 423 741 u
451 681 596 742 excreta
621 666 741 737 alvina
767 663 947 734 virentem
969 661 1102 732 babent
1124 661 1320 744 colorem3

255 786 384 844 contra
415 770 486 840 boc
514 767 645 837 maium
674 765 791 836 anima
819 760 911 832 Rirei
946 757 1036 829 solet
1072 755 1249 848 prescribi
1278 757 1320 827 in

254 867 390 944 minori
416 865 511 952 don,
540 884 603 955 per
634 863 752 953 piures
789 859 888 930 vices
920 854 1102 933 iteranda:
1138 853 1193 925 sed
1219 855 1323 925 redit

256 980 376 1040 tamen
398 959 523 1056 sapius
547 961 702 1046 maium,
732 957 795 1031 nisr
822 955 944 1029 nutrix
971 952 1134 1044 quotidie
1156 953 1191 1023 in
1212 953 1320 1023 sudo·

256 1084 333 1138 rem
349 1062 513 1148 laboret,
539 1059 572 1132 u
589 1059 634 1130 ab
654 1053 900 1130 acescentibus
919 1052 1064 1146 ingestis
1088 1065 1228 1122 caveat.

736 1316 745 1336 .
797 1261 866 1341 IV.

414 1391 657 1471 PUERITIA
684 1269 870 1467 a§rierrri0ne
894 1396 933 1468 in
953 1396 1162 1491 pubertatem.

352 1525 417 1600 Est
435 1527 510 1599 haec
532 1525 625 1617 quast
645 1523 911 1597 frondescentia
935 1525 1156 1616 acindini,
1190 1524 1226 1597 in
1248 1543 1323 1616 qua

259 1625 361 1722 pueri
388 1646 429 1697 ac
458 1624 585 1715 puelle
609 1623 687 1695 lusu
715 1622 748 1694 u
786 1622 890 1696 cursu
920 1624 1113 1696 admodum
1140 1625 1322 1695 delectan-

259 1741 340 1814 tur,
365 1722 495 1814 qnibns
521 1720 706 1792 exercitiis
725 1721 814 1792 nihii
840 1737 968 1814 putant
992 1721 1237 1814 prestantius,
1264 1721 1323 1792 ni·

259 1822 311 1894 hil
345 1818 561 1914 jucundius,
596 1840 710 1911 usque
747 1819 791 1889 ad
824 1839 954 1890 annum
989 1820 1081 1907 XV,
1124 1819 1183 1907 qui
1209 1816 1322 1891 finem

259 1918 345 1994 huic
363 1917 458 1990 aetati
477 1917 646 2008 imponit.
700 1916 882 1988 Memoria
899 1919 1037 2008 poliere
1055 1916 1247 1989 excellenti
1266 1914 1323 1986 so-

259 2020 359 2106 lent,
388 2017 431 2087 ab
448 2015 660 2087 humoribus
687 2015 839 2086 cerebro
858 2015 1087 2086 affluentibus
1109 2012 1320 2107 repetenda.

260 2115 297 2189 si
315 2111 480 2208 quotidie
497 2125 646 2185 manent
663 2111 892 2199 incarcerati,
917 2114 1114 2184 macriores
1139 2111 1323 2198 evadunt;

260 2213 320 2287 sed
346 2225 475 2304 aperto
502 2230 585 2280 aere
610 2222 799 2281 currentes
826 2211 962 2280 climati
989 2209 1214 2296 adsuescunt,
1245 2229 1325 2300 qno

261 2310 325 2400 fit,
351 2323 392 2379 ut
412 2308 608 2378 roboretur
626 2325 760 2396 corpus
778 2304 812 2378 ἀ
830 2305 1067 2380 confirmetur
1089 2308 1237 2387 sanitas;
1267 2309 1324 2378 in-

262 2413 307 2480 dc
320 2401 564 2498 Hoffmnnrrus:
591 2403 712 2496 Populi
719 2403 1005 2498 septentrionales,
1032 2413 1085 2498 qui
1104 2413 1251 2477 (iteneris
1265 2430 1325 2477 nn·

261 2511 313 2577 nis
325 2500 467 2594 frigoris
485 2503 529 2586 &⁹
547 2505 663 2573 caloris
680 2506 860 2595 repentinas
879 2511 1066 2574 rrrucaricnec
1074 2506 1232 2598 sustinere
1250 2527 1325 2575 cou-

263 2604 326 2688 tii,
357 2607 462 2671 minut
489 2605 525 2672 in
547 2601 669 2669 morbos
690 2602 905 2692 prolabuntur
927 2604 971 2687 &⁰
988 2602 1124 2692 facilius
1146 2625 1183 2672 cr
1205 2607 1245 2672 r'r'r
1271 2624 1326 2672 re-

263 2697 496 2793 convalescant.
547 2694 766 2768 Afficiuntur
784 2701 927 2808 Strunn’s
945 2701 1052 2786 colii,
1079 2720 1164 2790 quas
1180 2699 1327 2771 Acium

264 2807 470 2880 evacuant,
498 2793 647 2866 excitati
680 2794 898 2886 apediculrs
930 2797 1072 2889 capitis.
1126 2797 1204 2866 Hos
1232 2817 1328 2868 nun·

264 2913 371 2986 quam
398 2891 527 2985 frigida
561 2912 652 2982 aqua
680 2893 855 2983 repeiiere
886 2893 993 2980 iicet,
1032 2917 1078 2966 ne
1110 2893 1328 2984 Epiiepsram

266 2992 463 3065 incurrant.
527 2989 631 3061 Pueri
663 3011 727 3081 per
754 3006 914 3063 naturam
945 3011 1123 3085 perpetuo
1148 3011 1188 3062 ac
1216 2992 1329 3063 vehe-

264 3101 406 3162 menter
429 3087 660 3183 Vr’cifficndincc
685 3101 872 3180 appetunt.
924 3090 1074 3164 Sanitati
1098 3110 1223 3161 eorum
1240 3110 1330 3179 pro-

263 3184 433 3280 spicnun
458 3185 634 3257 srvivunt
660 3183 814 3273 incurii,
839 3186 895 3257 sed
922 3189 994 3260 stne
1022 3187 1144 3273 uitiis3
1171 3189 1331 3260 eSormro

265 3305 342 3357 non
360 3283 467 3354 nimis
485 3294 624 3354 mature
651 3278 811 3375 surgant:
840 3285 1004 3358 vitentur
1026 3281 1159 3377 assirius
1182 3284 1216 3356 dc
1237 3285 1330 3357 alte-

265 3380 429 3453 rationes
451 3377 769 3465 vehementiores,
798 3402 842 3452 ex
871 3383 1000 3473 quibus
1027 3381 1229 3454 concrescit
1250 3382 1329 3455 san-

265 3477 406 3574 guisio
432 3479 612 3570 poiyp0s3
640 3474 841 3550 abstineant
862 3482 907 3551 ab
937 3479 1082 3574 ingestis
1108 3481 1242 3570 acidis,
1272 3481 1331 3550 vi-

265 3575 346 3664 nis,
364 3574 550 3669 spiritnofis
569 3573 828 3646 &acrioribnn
872 3575 1043 3649 Evitetur
1057 3578 1240 3668 copiosor
1254 3603 1332 3650 car-

267 3678 319 3746 nis
339 3671 430 3766 esur,
456 3693 503 3744 ne
521 3670 659 3765 sanguis
683 3671 796 3742 nimio
816 3675 937 3745 calore
965 3675 1188 3748 incendatur.
1240 3675 1332 3747 Pro·

267 3782 461 3842 moveatur
478 3770 621 3841 tandem
645 3782 767 3840 motus
790 3771 1033 3861 quotidianus.
1086 3771 1127 3843 ln
1148 3772 1234 3846 cibo
1254 3795 1334 3846 me·

269 3867 368 3942 dium
399 3865 622 3958 tenendum,
666 3880 709 3939 ut
735 3869 995 3946 nutrimentum
1023 3866 1173 3966 digestu,
1197 3869 1335 3963 facile,

1250 3992 1333 4067 par·
