<?xml version="1.0" encoding="UTF-8"?>
<!DOCTYPE html PUBLIC "-//W3C//DTD XHTML 1.0 Transitional//EN"
    "http://www.w3.org/TR/xhtml1/DTD/xhtml1-transitional.dtd">
<html xmlns="http://www.w3.org/1999/xhtml" xml:lang="en" lang="en">
 <head>
  <title>
</title>
<meta http-equiv="Content-Type" content="text/html;charset=utf-8" />
  <meta name='ocr-system' content='tesseract 3.04.00' />
  <meta name='ocr-capabilities' content='ocr_page ocr_carea ocr_par ocr_line ocrx_word'/>
</head>
<body>
  <div class='ocr_page' id='page_1' title='image "./carolialinnequi03schrgoog_0257.png"; bbox 0 0 2692 4738; ppageno 0'>
   <div class='ocr_carea' id='block_1_1' title="bbox 262 1285 1176 1466">
    <p class='ocr_par' dir='ltr' id='par_1_1' title="bbox 262 1285 1176 1466">
     <span class='ocr_line' id='line_1_1' title="bbox 262 1285 1176 1466; baseline -0.011 -43"><span class='ocrx_word' id='word_1_1' title='bbox 262 1339 264 1346; x_wconf 80' lang='grc'><strong>’</strong></span> <span class='ocrx_word' id='word_1_2' title='bbox 402 1286 485 1422; x_wconf 86' lang='lat' dir='ltr'>D.</span> <span class='ocrx_word' id='word_1_3' title='bbox 530 1287 613 1421; x_wconf 89' lang='lat' dir='ltr'>D.</span> <span class='ocrx_word' id='word_1_4' title='bbox 662 1289 816 1424; x_wconf 77' lang='lat' dir='ltr'>Cau.</span> <span class='ocrx_word' id='word_1_5' title='bbox 866 1339 917 1414; x_wconf 89' lang='lat' dir='ltr'>v.</span> <span class='ocrx_word' id='word_1_6' title='bbox 960 1285 1176 1466; x_wconf 78' lang='lat' dir='ltr'>Lruu&#39;n</span> 
     </span>
    </p>
   </div>
   <div class='ocr_carea' id='block_1_2' title="bbox 547 1494 1032 1697">
    <p class='ocr_par' dir='ltr' id='par_1_2' title="bbox 547 1494 1032 1697">
     <span class='ocr_line' id='line_1_2' title="bbox 583 1494 885 1592; baseline -0.017 -21"><span class='ocrx_word' id='word_1_7' title='bbox 583 1517 585 1522; x_wconf 78' lang='grc'>’</span> <span class='ocrx_word' id='word_1_8' title='bbox 690 1494 885 1592; x_wconf 88' lang='lat' dir='ltr'>Proposuit</span> 
     </span>
     <span class='ocr_line' id='line_1_3' title="bbox 547 1639 1032 1697; baseline 0.002 -2"><span class='ocrx_word' id='word_1_9' title='bbox 547 1642 622 1695; x_wconf 78' lang='lat' dir='ltr'>aleo</span> <span class='ocrx_word' id='word_1_10' title='bbox 659 1644 794 1697; x_wconf 81' lang='lat' dir='ltr'>onnnu</span> <span class='ocrx_word' id='word_1_11' title='bbox 834 1639 1032 1696; x_wconf 73' lang='lat' dir='ltr'>nocronrs</span> 
     </span>
    </p>
   </div>
   <div class='ocr_carea' id='block_1_3' title="bbox 479 1746 1107 1943">
    <p class='ocr_par' dir='ltr' id='par_1_3' title="bbox 479 1746 1107 1943">
     <span class='ocr_line' id='line_1_4' title="bbox 479 1746 1107 1838; baseline -0.002 -16"><span class='ocrx_word' id='word_1_12' title='bbox 479 1746 752 1825; x_wconf 87' lang='lat' dir='ltr'>ANTONIUS</span> <span class='ocrx_word' id='word_1_13' title='bbox 788 1746 1107 1838; x_wconf 85' lang='lat' dir='ltr'>HOFFMANN,</span> 
     </span>
     <span class='ocr_line' id='line_1_5' title="bbox 539 1855 1047 1943; baseline -0.006 -23"><span class='ocrx_word' id='word_1_14' title='bbox 539 1855 617 1940; x_wconf 86' lang='lat' dir='ltr'>Reg.</span> <span class='ocrx_word' id='word_1_15' title='bbox 636 1857 756 1943; x_wconf 81' lang='lat' dir='ltr'>Colleg.</span> <span class='ocrx_word' id='word_1_16' title='bbox 778 1857 859 1924; x_wconf 87' lang='lat' dir='ltr'>Med.</span> <span class='ocrx_word' id='word_1_17' title='bbox 880 1856 1047 1941; x_wconf 89' lang='lat' dir='ltr'>Syndicus.</span> 
     </span>
    </p>
   </div>
   <div class='ocr_carea' id='block_1_4' title="bbox 519 1982 1077 2083">
    <p class='ocr_par' dir='ltr' id='par_1_4' title="bbox 519 1982 1077 2083">
     <span class='ocr_line' id='line_1_6' title="bbox 519 1982 1077 2083; baseline 0.009 -23"><span class='ocrx_word' id='word_1_18' title='bbox 519 1987 666 2083; x_wconf 76' lang='lat' dir='ltr'>Upsalid&#39;</span> <span class='ocrx_word' id='word_1_19' title='bbox 703 1982 807 2082; x_wconf 80' lang='lat'>176&#39;5.</span> <span class='ocrx_word' id='word_1_20' title='bbox 894 1988 987 2081; x_wconf 80' lang='lat' dir='ltr'>Moji</span> <span class='ocrx_word' id='word_1_21' title='bbox 1018 1995 1077 2065; x_wconf 83' lang='lat'>18·</span> 
     </span>
    </p>
   </div>
   <div class='ocr_carea' id='block_1_5' title="bbox 269 2155 1304 2198">
    <p class='ocr_par' dir='ltr' id='par_1_5' title="bbox 269 2155 1304 2198">
     <span class='ocr_line' id='line_1_7' title="bbox 269 2155 1304 2198; baseline -0.004 -10"><span class='ocrx_word' id='word_1_22' title='bbox 269 2155 1304 2198; x_wconf 50' lang='lat' dir='ltr'><em>W</em></span> 
     </span>
    </p>
   </div>
   <div class='ocr_carea' id='block_1_6' title="bbox 275 2428 1305 3992">
    <p class='ocr_par' dir='ltr' id='par_1_6' title="bbox 347 2428 1302 2529">
     <span class='ocr_line' id='line_1_8' title="bbox 347 2428 1302 2529; baseline -0.007 -27"><span class='ocrx_word' id='word_1_23' title='bbox 347 2428 397 2518; x_wconf 88' lang='lat' dir='ltr'>ti,</span> <span class='ocrx_word' id='word_1_24' title='bbox 421 2430 531 2518; x_wconf 88' lang='lat' dir='ltr'>nobis</span> <span class='ocrx_word' id='word_1_25' title='bbox 556 2431 600 2504; x_wconf 84' lang='lat' dir='ltr'>ab</span> <span class='ocrx_word' id='word_1_26' title='bbox 627 2433 760 2508; x_wconf 85' lang='lat' dir='ltr'>exteris</span> <span class='ocrx_word' id='word_1_27' title='bbox 788 2436 957 2525; x_wconf 77' lang='lat' dir='ltr'>advene,</span> <span class='ocrx_word' id='word_1_28' title='bbox 982 2437 1052 2529; x_wconf 86' lang='lat' dir='ltr'>jam</span> <span class='ocrx_word' id='word_1_29' title='bbox 1080 2430 1243 2506; x_wconf 85' lang='lat' dir='ltr'>familiari</span> <span class='ocrx_word' id='word_1_30' title='bbox 1264 2447 1302 2496; x_wconf 84' lang='lat' dir='ltr'>rn-</span> 
     </span>
    </p>

    <p class='ocr_par' dir='ltr' id='par_1_7' title="bbox 275 2527 1304 3390">
     <span class='ocr_line' id='line_1_9' title="bbox 347 2527 1302 2626; baseline -0.008 -27"><span class='ocrx_word' id='word_1_31' title='bbox 347 2528 552 2602; x_wconf 85' lang='lat' dir='ltr'>claruerunt</span> <span class='ocrx_word' id='word_1_32' title='bbox 579 2529 662 2620; x_wconf 84' lang='lat' dir='ltr'>usu,</span> <span class='ocrx_word' id='word_1_33' title='bbox 704 2531 841 2621; x_wconf 81' lang='lat' dir='ltr'>Theon,</span> <span class='ocrx_word' id='word_1_34' title='bbox 866 2534 1027 2626; x_wconf 78' lang='lat' dir='ltr'>loquor,</span> <span class='ocrx_word' id='word_1_35' title='bbox 1050 2527 1188 2625; x_wconf 58' lang='lat' dir='ltr'>Galeam</span> <span class='ocrx_word' id='word_1_36' title='bbox 1217 2539 1302 2614; x_wconf 86' lang='lat' dir='ltr'>atque</span> 
     </span>
     <span class='ocr_line' id='line_1_10' title="bbox 276 2619 1302 2732; baseline -0.012 -29"><span class='ocrx_word' id='word_1_37' title='bbox 276 2630 493 2713; x_wconf 75' lang='lat' dir='ltr'>circulorum,</span> <span class='ocrx_word' id='word_1_38' title='bbox 520 2627 614 2701; x_wconf 88' lang='lat' dir='ltr'>binis</span> <span class='ocrx_word' id='word_1_39' title='bbox 643 2629 785 2732; x_wconf 87' lang='lat' dir='ltr'>quidem</span> <span class='ocrx_word' id='word_1_40' title='bbox 814 2629 996 2724; x_wconf 74' lang='lat' dir='ltr'>prioribus</span> <span class='ocrx_word' id='word_1_41' title='bbox 1015 2624 1237 2720; x_wconf 86' lang='lat' dir='ltr'>frequentius</span> <span class='ocrx_word' id='word_1_42' title='bbox 1259 2619 1302 2728; x_wconf 69' lang='lat' dir='ltr'>de3</span> 
     </span>
     <span class='ocr_line' id='line_1_11' title="bbox 275 2723 1302 2822; baseline -0.012 -22"><span class='ocrx_word' id='word_1_43' title='bbox 275 2725 466 2808; x_wconf 75' lang='lat' dir='ltr'>lediamur3</span> <span class='ocrx_word' id='word_1_44' title='bbox 488 2723 572 2796; x_wconf 88' lang='lat' dir='ltr'>hinc</span> <span class='ocrx_word' id='word_1_45' title='bbox 597 2741 723 2810; x_wconf 88' lang='lat' dir='ltr'>tamen·</span> <span class='ocrx_word' id='word_1_46' title='bbox 735 2751 810 2803; x_wconf 89' lang='lat' dir='ltr'>non</span> <span class='ocrx_word' id='word_1_47' title='bbox 830 2729 1093 2822; x_wconf 81' lang='lat' dir='ltr'>praestantiores</span> <span class='ocrx_word' id='word_1_48' title='bbox 1119 2724 1154 2796; x_wconf 78' lang='lat' dir='ltr'>dr</span> <span class='ocrx_word' id='word_1_49' title='bbox 1176 2733 1302 2810; x_wconf 71' lang='lat' dir='ltr'>corpori</span> 
     </span>
     <span class='ocr_line' id='line_1_12' title="bbox 275 2818 1304 2916; baseline -0.013 -20"><span class='ocrx_word' id='word_1_50' title='bbox 275 2821 507 2916; x_wconf 86' lang='lat' dir='ltr'>benigniores</span> <span class='ocrx_word' id='word_1_51' title='bbox 536 2822 659 2910; x_wconf 86' lang='lat' dir='ltr'>nostro</span> <span class='ocrx_word' id='word_1_52' title='bbox 685 2827 851 2899; x_wconf 87' lang='lat' dir='ltr'>habendi.</span> <span class='ocrx_word' id='word_1_53' title='bbox 907 2827 1038 2899; x_wconf 86' lang='lat' dir='ltr'>Mitior</span> <span class='ocrx_word' id='word_1_54' title='bbox 1061 2823 1159 2895; x_wconf 91' lang='lat' dir='ltr'>enim</span> <span class='ocrx_word' id='word_1_55' title='bbox 1182 2818 1304 2890; x_wconf 83' lang='lat' dir='ltr'>Cboco</span> 
     </span>
     <span class='ocr_line' id='line_1_13' title="bbox 276 2921 1304 3018; baseline -0.007 -25"><span class='ocrx_word' id='word_1_56' title='bbox 276 2921 371 3008; x_wconf 84' lang='lat' dir='ltr'>lata,</span> <span class='ocrx_word' id='word_1_57' title='bbox 395 2939 472 3009; x_wconf 84' lang='lat' dir='ltr'>quae</span> <span class='ocrx_word' id='word_1_58' title='bbox 494 2939 561 2992; x_wconf 91' lang='lat' dir='ltr'>nec</span> <span class='ocrx_word' id='word_1_59' title='bbox 578 2923 752 3013; x_wconf 68' lang='lat' dir='ltr'>emacim,</span> <span class='ocrx_word' id='word_1_60' title='bbox 780 2945 847 2998; x_wconf 86' lang='lat' dir='ltr'>nec</span> <span class='ocrx_word' id='word_1_61' title='bbox 866 2924 963 2999; x_wconf 89' lang='lat' dir='ltr'>vires</span> <span class='ocrx_word' id='word_1_62' title='bbox 986 2936 1198 3016; x_wconf 86' lang='lat' dir='ltr'>praemature</span> <span class='ocrx_word' id='word_1_63' title='bbox 1223 2931 1304 3018; x_wconf 64' lang='lat' dir='ltr'>euef-</span> 
     </span>
     <span class='ocr_line' id='line_1_14' title="bbox 276 3013 1304 3116; baseline -0.015 -25"><span class='ocrx_word' id='word_1_64' title='bbox 276 3032 363 3105; x_wconf 77' lang='lat' dir='ltr'>vat,</span> <span class='ocrx_word' id='word_1_65' title='bbox 389 3035 435 3086; x_wconf 91' lang='lat' dir='ltr'>eo</span> <span class='ocrx_word' id='word_1_66' title='bbox 453 3018 600 3108; x_wconf 87' lang='lat' dir='ltr'>majoris</span> <span class='ocrx_word' id='word_1_67' title='bbox 620 3019 806 3114; x_wconf 85' lang='lat' dir='ltr'>facienda,</span> <span class='ocrx_word' id='word_1_68' title='bbox 832 3043 905 3116; x_wconf 88' lang='lat' dir='ltr'>quo</span> <span class='ocrx_word' id='word_1_69' title='bbox 927 3021 1100 3096; x_wconf 81' lang='lat' dir='ltr'>salubrior</span> <span class='ocrx_word' id='word_1_70' title='bbox 1122 3018 1200 3108; x_wconf 88' lang='lat' dir='ltr'>ejus</span> <span class='ocrx_word' id='word_1_71' title='bbox 1216 3013 1304 3085; x_wconf 82' lang='lat' dir='ltr'>luent</span> 
     </span>
     <span class='ocr_line' id='line_1_15' title="bbox 277 3111 1303 3212; baseline 0.002 -24"><span class='ocrx_word' id='word_1_72' title='bbox 277 3111 380 3204; x_wconf 87' lang='lat' dir='ltr'>usus,</span> <span class='ocrx_word' id='word_1_73' title='bbox 405 3133 549 3204; x_wconf 85' lang='lat' dir='ltr'>quoque</span> <span class='ocrx_word' id='word_1_74' title='bbox 567 3121 759 3193; x_wconf 86' lang='lat' dir='ltr'>certiorem</span> <span class='ocrx_word' id='word_1_75' title='bbox 779 3119 817 3194; x_wconf 90' lang='lat' dir='ltr'>in</span> <span class='ocrx_word' id='word_1_76' title='bbox 832 3120 969 3195; x_wconf 89' lang='lat' dir='ltr'>morbis</span> <span class='ocrx_word' id='word_1_77' title='bbox 984 3114 1189 3212; x_wconf 76' lang='lat' dir='ltr'>praestiterit</span> <span class='ocrx_word' id='word_1_78' title='bbox 1202 3125 1303 3202; x_wconf 76' lang='lat' dir='ltr'>opem</span> 
     </span>
     <span class='ocr_line' id='line_1_16' title="bbox 279 3201 1304 3306; baseline -0.008 -20"><span class='ocrx_word' id='word_1_79' title='bbox 279 3212 409 3306; x_wconf 91' lang='lat' dir='ltr'>quibus</span> <span class='ocrx_word' id='word_1_80' title='bbox 433 3211 673 3302; x_wconf 83' lang='lat' dir='ltr'>sublevandis,</span> <span class='ocrx_word' id='word_1_81' title='bbox 696 3217 763 3290; x_wconf 87' lang='lat' dir='ltr'>hac</span> <span class='ocrx_word' id='word_1_82' title='bbox 784 3217 967 3306; x_wconf 87' lang='lat' dir='ltr'>destituta,</span> <span class='ocrx_word' id='word_1_83' title='bbox 988 3214 1108 3290; x_wconf 87' lang='lat' dir='ltr'>omnis</span> <span class='ocrx_word' id='word_1_84' title='bbox 1132 3212 1198 3284; x_wconf 84' lang='lat' dir='ltr'>vix</span> <span class='ocrx_word' id='word_1_85' title='bbox 1221 3201 1304 3284; x_wconf 81' lang='lat' dir='ltr'>suffe·</span> 
     </span>
     <span class='ocr_line' id='line_1_17' title="bbox 279 3309 697 3390; baseline 0.01 -5"><span class='ocrx_word' id='word_1_86' title='bbox 279 3311 372 3386; x_wconf 83' lang='lat' dir='ltr'>eerit</span> <span class='ocrx_word' id='word_1_87' title='bbox 389 3309 608 3382; x_wconf 83' lang='lat' dir='ltr'>Machaonia</span> <span class='ocrx_word' id='word_1_88' title='bbox 629 3334 697 3390; x_wconf 85' lang='lat' dir='ltr'>ars.</span> 
     </span>
    </p>

    <p class='ocr_par' dir='ltr' id='par_1_8' title="bbox 280 3399 1305 3992">
     <span class='ocr_line' id='line_1_18' title="bbox 370 3399 1303 3504; baseline -0.011 -26"><span class='ocrx_word' id='word_1_89' title='bbox 370 3405 559 3498; x_wconf 87' lang='lat' dir='ltr'>Specimen</span> <span class='ocrx_word' id='word_1_90' title='bbox 576 3409 718 3482; x_wconf 82' lang='lat' dir='ltr'>edituro</span> <span class='ocrx_word' id='word_1_91' title='bbox 736 3409 1005 3500; x_wconf 85' lang='lat' dir='ltr'>Academicum,</span> <span class='ocrx_word' id='word_1_92' title='bbox 1018 3405 1216 3504; x_wconf 80' lang='lat' dir='ltr'>proficuum</span> <span class='ocrx_word' id='word_1_93' title='bbox 1226 3399 1303 3473; x_wconf 89' lang='lat' dir='ltr'>Cho·</span> 
     </span>
     <span class='ocr_line' id='line_1_19' title="bbox 280 3501 1304 3594; baseline 0.003 -18"><span class='ocrx_word' id='word_1_94' title='bbox 280 3504 410 3576; x_wconf 76' lang='lat' dir='ltr'>colato</span> <span class='ocrx_word' id='word_1_95' title='bbox 440 3501 539 3578; x_wconf 91' lang='lat' dir='ltr'>usum</span> <span class='ocrx_word' id='word_1_96' title='bbox 562 3505 719 3580; x_wconf 72' lang='lat' dir='ltr'>trudballe</span> <span class='ocrx_word' id='word_1_97' title='bbox 744 3509 829 3588; x_wconf 90' lang='lat' dir='ltr'>hinc</span> <span class='ocrx_word' id='word_1_98' title='bbox 851 3509 961 3583; x_wconf 89' lang='lat' dir='ltr'>visum</span> <span class='ocrx_word' id='word_1_99' title='bbox 990 3508 1061 3594; x_wconf 90' lang='lat' dir='ltr'>est;</span> <span class='ocrx_word' id='word_1_100' title='bbox 1090 3508 1207 3579; x_wconf 85' lang='lat' dir='ltr'>levem</span> <span class='ocrx_word' id='word_1_101' title='bbox 1231 3513 1304 3568; x_wconf 77' lang='lat' dir='ltr'>ver⁰</span> 
     </span>
     <span class='ocr_line' id='line_1_20' title="bbox 281 3598 1303 3699; baseline -0.01 -26"><span class='ocrx_word' id='word_1_102' title='bbox 281 3599 460 3693; x_wconf 72' lang='lat' dir='ltr'>opellam,</span> <span class='ocrx_word' id='word_1_103' title='bbox 486 3623 591 3694; x_wconf 86' lang='lat' dir='ltr'>quam</span> <span class='ocrx_word' id='word_1_104' title='bbox 613 3604 681 3678; x_wconf 85' lang='lat' dir='ltr'>hac</span> <span class='ocrx_word' id='word_1_105' title='bbox 706 3607 749 3679; x_wconf 91' lang='lat' dir='ltr'>dc</span> <span class='ocrx_word' id='word_1_106' title='bbox 773 3629 812 3678; x_wconf 95' lang='lat' dir='ltr'>re</span> <span class='ocrx_word' id='word_1_107' title='bbox 837 3605 1013 3681; x_wconf 79' lang='lat' dir='ltr'>succinile</span> <span class='ocrx_word' id='word_1_108' title='bbox 1035 3606 1067 3679; x_wconf 81' lang='lat' dir='ltr'>dr</span> <span class='ocrx_word' id='word_1_109' title='bbox 1090 3625 1157 3699; x_wconf 87' lang='lat' dir='ltr'>pro</span> <span class='ocrx_word' id='word_1_110' title='bbox 1180 3598 1243 3674; x_wconf 87' lang='lat' dir='ltr'>otii</span> <span class='ocrx_word' id='word_1_111' title='bbox 1264 3611 1303 3666; x_wconf 86' lang='lat' dir='ltr'>ra·</span> 
     </span>
     <span class='ocr_line' id='line_1_21' title="bbox 281 3693 1305 3808; baseline 0.002 -38"><span class='ocrx_word' id='word_1_112' title='bbox 281 3697 385 3808; x_wconf 80' lang='lat' dir='ltr'>tione</span> <span class='ocrx_word' id='word_1_113' title='bbox 404 3695 612 3774; x_wconf 83' lang='lat' dir='ltr'>festinanter</span> <span class='ocrx_word' id='word_1_114' title='bbox 629 3725 824 3796; x_wconf 81' lang='lat' dir='ltr'>propono,</span> <span class='ocrx_word' id='word_1_115' title='bbox 849 3703 1049 3778; x_wconf 88' lang='lat' dir='ltr'>Candidum</span> <span class='ocrx_word' id='word_1_116' title='bbox 1060 3702 1245 3778; x_wconf 68' lang='lat' dir='ltr'>Leborem</span> <span class='ocrx_word' id='word_1_117' title='bbox 1259 3693 1305 3764; x_wconf 72' lang='lat' dir='ltr'>be·</span> 
     </span>
     <span class='ocr_line' id='line_1_22' title="bbox 281 3803 1303 3992; baseline 0.015 -127"><span class='ocrx_word' id='word_1_118' title='bbox 281 3813 392 3894; x_wconf 79' lang='lat' dir='ltr'>nrgne</span> <span class='ocrx_word' id='word_1_119' title='bbox 412 3811 646 3892; x_wconf 86' lang='lat' dir='ltr'>excepturum</span> <span class='ocrx_word' id='word_1_120' title='bbox 666 3803 735 3878; x_wconf 84' lang='lat' dir='ltr'>elle</span> <span class='ocrx_word' id='word_1_121' title='bbox 750 3803 837 3878; x_wconf 87' lang='lat' dir='ltr'>milri</span> <span class='ocrx_word' id='word_1_122' title='bbox 853 3803 1043 3899; x_wconf 83' lang='lat' dir='ltr'>polliceor.</span> <span class='ocrx_word' id='word_1_123' title='bbox 1191 3901 1212 3992; x_wconf 68' lang='lat'>§</span> <span class='ocrx_word' id='word_1_124' title='bbox 1268 3879 1303 3958; x_wconf 60' lang='lat' dir='ltr'>u</span> 
     </span>
    </p>
   </div>
   <div class='ocr_carea' id='block_1_7' title="bbox 234 2275 1303 2562">
    <p class='ocr_par' dir='ltr' id='par_1_9' title="bbox 234 2275 1303 2562">
     <span class='ocr_line' id='line_1_23' title="bbox 234 2275 1303 2562; baseline -0.012 -152"><span class='ocrx_word' id='word_1_125' title='bbox 234 2389 256 2420; x_wconf 42' lang='grc' dir='ltr'><em>μ</em></span> <span class='ocrx_word' id='word_1_126' title='bbox 273 2275 405 2562; x_wconf 82' lang='lat' dir='ltr'>luter</span> <span class='ocrx_word' id='word_1_127' title='bbox 424 2343 498 2406; x_wconf 82' lang='lat' dir='ltr'>tres</span> <span class='ocrx_word' id='word_1_128' title='bbox 518 2332 599 2406; x_wconf 87' lang='lat' dir='ltr'>illos</span> <span class='ocrx_word' id='word_1_129' title='bbox 614 2335 773 2410; x_wconf 84' lang='lat' dir='ltr'>celebres</span> <span class='ocrx_word' id='word_1_130' title='bbox 785 2350 909 2430; x_wconf 83' lang='lat' dir='ltr'>potus,</span> <span class='ocrx_word' id='word_1_131' title='bbox 928 2337 988 2430; x_wconf 91' lang='lat' dir='ltr'>qui</span> <span class='ocrx_word' id='word_1_132' title='bbox 1004 2335 1203 2428; x_wconf 87' lang='lat' dir='ltr'>majoribus</span> <span class='ocrx_word' id='word_1_133' title='bbox 1221 2329 1303 2438; x_wconf 77' lang='lat' dir='ltr'>igno·</span> 
     </span>
    </p>
   </div>
   <div class='ocr_carea' id='block_1_8' title="bbox 0 0 1375 4738">
    <p class='ocr_par' dir='ltr' id='par_1_10' title="bbox 0 0 1375 4738">
     <span class='ocr_line' id='line_1_24' title="bbox 0 0 1375 4738; baseline 0 0"><span class='ocrx_word' id='word_1_134' title='bbox 0 0 1375 4738; x_wconf 95' lang='lat' dir='ltr'> </span> 
     </span>
    </p>
   </div>
  </div>
 </body>
</html>
