2770 4752
297 232 370 323 436
447 221 572 299 USUS
604 219 858 297 HISTORIAE
885 219 1202 302 NATURALISJ

296 405 439 494 nititur,
478 423 552 475 rem
581 421 656 474 non
685 401 1068 497 ingnitom²Botanicis
1090 425 1148 476 nne
1174 400 1332 475 fastorum

298 503 423 598 spero,
448 501 568 592 ssejus
586 500 730 572 iconem
754 521 798 572 ex
820 501 910 574 ficca
927 501 1111 592 adjiciam:
1137 513 1179 572 ut
1202 501 1234 571 ἀ
1254 499 1331 570 aiios

297 595 489 686 nostratis,
533 617 610 668 non
643 597 760 670 minus
795 597 957 687 iamosae,
998 597 1194 693 Hyoscyami
1225 597 1333 690 Physt-

297 701 411 782 ioidis‚
452 715 534 768 cum
563 715 681 787 neque
705 693 809 786 hujus
838 693 951 790 figura
976 697 1013 769 in
1042 695 1143 769 libris
1167 694 1332 768 botonicis

296 794 482 870 habeatnr.
533 791 594 864 Dc
609 791 677 864 hac
693 793 822 886 vulgus
845 791 1006 868 nostrum
1030 794 1181 888 piurima
1205 805 1333 876 narrat,

298 889 396 983 quod
412 889 569 979 scilicet,
598 889 660 961 ubi
676 890 868 982 propinato
881 889 1057 968 nebuloni
1078 891 1115 964 in
1137 887 1334 964 infusofuo

297 990 369 1079 rit,
396 987 469 1083 ipfc
483 988 610 1084 sponte
622 987 757 1058 referat
774 986 918 1076 omnia,
945 1009 1022 1080 quo·
1038 988 1213 1080 patravit
1264 983 1333 1056 Cer·

298 1101 375 1164 turn
403 1084 482 1175 cst,
525 1084 558 1156 ἀ
592 1083 736 1174 quidem
770 1106 875 1176 quom
909 1084 1154 1176 certiffimum‚
1192 1085 1332 1174 reliquas

298 1179 678 1277 Hyofcyani·species
709 1182 875 1255 homines
900 1181 1048 1256 reddere
1076 1183 1283 1267 dementes,
1309 1178 1334 1249 it

298 1281 438 1356 affinem
457 1280 633 1351 Daturam
652 1279 745 1371 apud
760 1279 967 1352 orientales
978 1279 1142 1368 officere,
1159 1293 1206 1354 ut
1222 1278 1335 1350 videns

299 1379 512 1454 &audiens
543 1377 666 1447 videat
706 1377 848 1468 quidem
893 1377 1200 1475 facinona‚.qoae
1230 1391 1335 1449 tamen

298 1497 367 1551 nec
384 1475 578 1568 impedire,
606 1495 674 1544 nec
693 1474 828 1546 referre
855 1489 981 1566 queat,
1013 1495 1124 1566 quote
1145 1474 1195 1548 de
1224 1471 1335 1548 nostr:

297 1573 431 1667 planto²
447 1570 584 1642 virtute
605 1568 668 1642 ista
685 1571 773 1643 nihil
793 1571 829 1643 in
848 1573 955 1644 uliam
972 1561 1108 1666 pcitem
1126 1571 1335 1645 asseverabo.

298 1670 364 1744 Dc·
376 1681 502 1741 cetero
521 1665 736 1762 cimicifugn
754 1689 889 1742 nomen
914 1669 947 1740 ἃ
975 1690 1083 1744 omen
1110 1671 1245 1760 habet,
1279 1667 1337 1740 hoc

299 1765 373 1854 est,
398 1766 546 1837 cimices
571 1763 693 1857 fugat,
721 1777 795 1838 tam
826 1766 863 1840 in
886 1763 1017 1840 Sibiria
1041 1765 1209 1856 australi,
1248 1781 1338 1857 quan

298 1865 338 1939 in
352 1861 514 1952 Tauria,
532 1860 688 1952 ideoque
701 1862 935 1955 plurimorum
950 1862 1217 1958 Europaeorum
1233 1865 1272 1935 in
1283 1880 1338 1931 vo

299 1963 347 2038 tis
370 1960 460 2050 fuit,
488 1979 642 2054 quorum
659 1959 698 2034 in
719 1961 824 2034 terris
840 1961 915 2036 haeo
932 1961 1165 2038 dominantur
1184 1957 1320 2037 insciic

398 2189 517 2260 Coccns
543 2180 712 2257 inscitum
736 2093 913 2258 A§mericae
942 2185 1014 2280 est,
1046 2209 1115 2280 pro
1142 2209 1220 2281 quo
1246 2183 1337 2282 pinri-

299 2299 374 2356 mas
399 2279 572 2375 p'ecunias
597 2281 824 2374 profundunt
856 2283 1025 2379 Europaei
1056 2285 1142 2358 artis
1172 2281 1339 2360 tinftoric

300 2379 437 2476 cantia,
470 2380 596 2470 inqua
622 2401 866 2472 purpuram
896 2383 1126 2476 antiquorum
1151 2379 1337 2456 antecellit.

301 2477 418 2581 Quam
449 2473 565 2568 poiiet
594 2474 701 2548 facile
727 2475 803 2550 hoc
827 2477 995 2552 insettnn
1023 2482 1060 2553 in
1086 2479 1206 2553 hortis
1240 2477 1338 2550 Euro·

299 2573 387 2668 paeis
418 2571 490 2645 coli
524 2594 589 2664 per
610 2571 653 2644 'se
678 2585 780 2667 patet
813 2575 1007 2651 Botanices
1041 2576 1187 2673 gnaris,
1219 2575 1336 2658 solun,

299 2693 347 2748 nc
369 2669 489 2746 fumus
506 2671 567 2743 ilia
585 2682 733 2767 tangat,
757 2685 940 2747 caveatur.

393 2882 508 2979 Apum
531 2881 621 2958 felix
640 2884 780 2957 cultura
797 2884 963 2959 innititur
987 2897 1066 2961 tota
1088 2897 1228 2980 quanta
1253 2895 1337 2958 natu·

297 2981 597 3072 recognitione.
661 2978 760 3054 Sciat
788 2982 906 3073 enim,
937 2982 1076 3058 ncceiie
1101 2982 1173 3073 est,
1206 2997 1338 3056 oecono·

297 3097 378 3149 mus
397 3077 699 3174 gyoaecocratiam
723 3100 850 3172 apum,
879 3093 1029 3154 neutros
1052 3079 1270 3176 operarios,
1299 3075 1339 3146 i·

300 3193 365 3245 cos
381 3191 516 3260 mares,
534 3175 664 3271 florcs,
683 3195 703 3247 e
719 3175 845 3268 quibus
858 3176 1048 3270 plurimum
1060 3177 1240 3274 colligant
1253 3176 1284 3246 oz
1297 3191 1340 3242 ce·

298 3271 398 3343 rc&
416 3271 531 3344 meliis
548 3267 633 3366 ζ’),
658 3272 802 3362 noscat,
826 3275 859 3346 δι
886 3288 1029 3349 avertat
1047 3295 1167 3350 earum
1190 3271 1319 3348 hostes.

396 3483 592 3580 Bnniycen
622 3387 931 3560 aiimapc'nialg're
963 3487 1224 3560 contemtione
1245 3477 1341 3584 honi·

300 3595 385 3686 nufn
408 3579 535 3673 digna,
563 3578 622 3653 sed
647 3581 745 3693 fimo]
765 3585 799 3655 δι
826 3582 996 3657 cariffima
1024 3584 1198 3692 humano·
1213 3597 1339 3673 genens

302 3693 434 3766 quippe
464 3697 541 3765 quae
569 3699 644 3750 non
673 3695 823 3772 privatae
849 3692 988 3752 tantum
1012 3699 1234 3752 oeconomtae
1257 3689 1345 3768 curat,

299 3768 395 3863 large
420 3771 675 3866 conpensant,
699 3775 756 3849 sed
779 3778 812 3848 ἂ
834 3777 974 3870 integra
997 3788 1111 3872 regna
1137 3774 1182 3848 ad
1210 3773 1345 3935 opnicig

1293 3885 1318 3935 n

300 3961 576 3986 ...ι-
844 3959 1346 3991 ..m-...d

340 3992 394 4072 (*)
417 3995 493 4060 Vide
513 3971 910 4086 nagnffiwnm.
948 4000 1067 4068 noim.
1080 3996 1171 4082 non
1192 3997 1264 4064 on
