2640 4744
57 127 464 208 FERVIDORUM&
490 125 808 208 GELIDORUM
833 131 971 216 USUS.
1002 143 1075 228 233

19 309 206 388 tummodo
239 307 364 384 deberi
396 309 432 384 dt
460 307 650 404 superfluit
678 309 933 406 potationibus
957 313 1077 409 super·

19 411 111 486 ilites
144 406 422 504 comperilient,
453 420 682 484 mortuorum
712 410 859 486 tandem
891 411 1076 506 perterriti

20 508 217 603 exemplis,
239 527 436 602 erroreque
457 519 598 581 mature
621 507 748 602 milio,
776 507 977 606 periculum
997 511 1075 586 evi·

22 621 155 684 taront.

111 703 318 778 Commune
361 700 506 778 demum
520 699 620 795 nst,
659 701 846 784 inferiorit
877 701 1078 798 presertim

19 803 123 877 fortis
141 800 372 890 hominibus,
399 801 557 893 vitium,
579 821 663 878 cum
681 822 702 878 a
718 802 822 878 febre
838 801 982 890 calent,
1014 801 1077 877 fri·

19 902 96 996 gida
130 901 295 993 ingerere
322 895 532 988 stomachor
566 899 771 994 exquibus
800 898 927 994 sepius
955 898 1076 976 lebret

20 996 269 1094 ingravescere
290 994 373 1070 visae
390 995 481 1072 funt.
531 995 561 1072 F
562 996 828 1092 requentiffime
840 1009 976 1089 tutem,
995 1019 1078 1076 cum

19 1120 37 1170 a
62 1099 194 1170 labore
220 1093 281 1166 vel
306 1108 411 1168 motu
436 1093 585 1170 fortiori
614 1093 836 1186 exestuant,
871 1093 1077 1190 impruden·
1141 1097 1146 1110 '

20 1199 136 1270 tiores
156 1213 306 1287 aquam,
332 1193 442 1266 etiam
468 1189 745 1288 frigidiffimam,
764 1192 873 1270 avide
890 1191 1077 1286 hauriunt,

20 1295 115 1368 uode
134 1312 212 1366 non
237 1309 320 1364 raro
348 1287 536 1364 ferillimae
561 1292 798 1385 pulmonum,
821 1289 857 1366 dt
880 1289 1078 1368 ventriculi

21 1389 349 1480 intestinorumque
375 1387 705 1482 inflammationer,
737 1388 857 1466 aliave
877 1387 994 1480 mala,
1016 1409 1079 1464 ex·

21 1491 181 1563 citantur
196 1477 244 1576 e).
296 1483 432 1560 Perstat
452 1485 550 1562 enim
571 1487 713 1584 regula:
745 1486 907 1566 motibus
932 1485 1078 1582 oppofi·

21 1589 66 1662 tis
86 1585 182 1662 nihil
208 1581 444 1678 periculosruo
468 1583 506 1658 in
534 1605 693 1680 corpore
715 1584 888 1664 humano.
947 1587 1079 1682 Angue

22 1685 131 1779 igitur
150 1681 184 1756 dt
205 1701 297 1756 cene
313 1679 580 1777 magia-caveat
598 1683 643 1756 ab
660 1681 731 1756 isto
749 1703 896 1776 errore,
927 1682 1078 1776 quicun-

20 1803 88 1878 ‚que
105 1778 267 1878 proprie
283 1777 444 1854 uniatis
466 1780 530 1854 vel
553 1779 739 1856 minimam
758 1801 880 1856 curam
897 1778 1075 1856 habuerit

482 1961 517 2051 §.
567 1957 620 2036 V.

115 2065 247 2143 Paucis
268 2079 388 2144 autem
405 2089 557 2144 monere
572 2067 667 2142 ordo
689 2067 814 2162 jubet,
835 2087 913 2144 non
932 2086 1080 2144 omnem

23 2165 142 2263 frigidi
164 2181 278 2260 potor
301 2167 400 2242 usum
426 2187 585 2258 nocere,
616 2166 704 2260 quin
732 2165 857 2260 potius
878 2164 1081 2242 calidorum

24 2263 82 2340 osu
114 2263 153 2338 in
176 2263 333 2358 plurium
354 2266 567 2341 morborum
592 2264 784 2340 curatione
815 2263 925 2338 latius
961 2263 1080 2338 multo

24 2379 160 2456 patere.
215 2359 437 2456 Temperatc
468 2361 632 2460 frigidam
658 2363 757 2460 (non
785 2380 878 2437 vero
902 2351 1080 2460 gelidam)
1114 2371 1121 2386 '

23 2459 102 2546 heic
134 2461 270 2554 loquor
293 2479 443 2554 aquam,
475 2459 614 2536 scilicet
646 2481 747 2550 eam,
773 2481 852 2554 que
884 2479 962 2538 uon
988 2459 1080 2534 mul·

25 2573 98 2632 tom
128 2557 245 2632 calori
266 2557 427 2634 hominis
453 2557 608 2634 naturali
632 2557 786 2634 inferior
808 2555 882 2646 est;
907 2556 997 2632 licet
1018 2555 1080 2631 ad-

23 2653 125 2728 sueto
156 2669 277 2732 tamen
308 2655 561 2749 aliquantisper
583 2654 752 2753 frigidior
781 2653 936 2730 concedi
961 2651 1079 2748 polfrt.
1224 2694 1228 2704 ·

26 2751 138 2828 Sicuti
160 2751 258 2828 enim
284 2751 537 2830 Auexanono
564 2752 656 2850 Regi
680 2773 757 2829 non
785 2753 880 2828 bene
899 2748 1079 2842 succedit,

26 2849 61 2924 io
87 2849 221 2948 frigida
253 2849 349 2928 unda
379 2849 576 2928 exestuant
601 2851 815 2945 refrigerare
847 2871 1005 2944 torpunt
1033 2849 1081 2924 lic

24 2945 220 3038 immoni,
250 2949 398 3024 autulii
416 2949 558 3024 cuidam
581 2947 755 3025 ttcneris
780 2947 951 3039 adsueto,
977 2967 998 3020 e
1022 2968 1081 3022 ca·

26 3045 99 3120 lido
115 3047 252 3121 balneo
272 3045 311 3121 in
331 3067 429 3121 mare
456 3045 518 3120 vel
537 3047 645 3122 nives
666 3043 830 3142 prosilire
851 3045 978 3162 sepius
1002 3065 1082 3122 non

24 3159 146 3219 nocet
215 3141 441 3238 Nequeunt
465 3143 540 3236 illi,
567 3143 628 3240 qui
653 3143 779 3218 calidis
806 3142 869 3220 diu
896 3141 1083 3219 indulserit

25 3243 189 3334 potibus,
202 3257 349 3318 autores
364 3241 434 3318 elle
451 3243 642 3334 vellemus,
657 3257 698 3318 ut
713 3261 801 3318 mox
816 3239 982 3343 frigidam
998 3261 1082 3316 cum

23 3452 334 3480 ...-.......
549 3337 577 3414 Ρ
601 3359 623 3432 5
996 3337 1082 3412 cali·

64 3509 665 3688 ‘liplltttleftlffttllt
674 3511 929 3690 fleitelli
943 3614 994 3660 a.
1008 3535 1082 3662 0023

101 3685 248 3748 tranent,
267 3675 311 3740 ita
329 3683 365 3738 ut
386 3691 476 3756 paene
530 3673 624 3748 riret;
647 3673 697 3740 fed
715 3673 887 3738 memimsse
895 3677 1081 3758 Juvabirau.

100 3756 185 3832 xiiii,
210 3755 294 3839 quod
316 3751 360 3818 illi
387 3753 459 3818 tulit
518 3755 586 3819 ciue
610 3753 884 3830 Gnuntrtoarttt,
905 3758 958 3840 qui
978 3759 1080 3841 propi·

99 3838 181 3901 natis
197 3838 297 3900 amico
317 3845 450 3918 quatuor
470 3835 602 3902 nucibtu
623 3835 810 3922 myrtfflcis,
832 3837 930 3904 vitam
950 3839 1080 3904 neritu-

102 3935 139 3982 ro
156 3925 279 4002 promte
299 3914 439 3984 inravit.
