2710 4738
150 277 152 280 .
266 173 335 273 ert
439 238 443 248 .
524 171 746 249 SPIRITUS
781 171 1070 250 FRUMENTI.

264 355 362 428 hune
383 365 534 446 potum,
561 353 634 428 sme
650 353 767 443 febri,
791 351 897 425 semel
924 367 988 426 ant
1005 351 1127 446 sapius
1142 373 1300 446 permen·

266 453 336 526 sem
367 452 544 525 redeunte
570 454 604 526 dt
632 455 791 548 quinque
818 463 880 524 aut
905 451 1060 528 seruies
1083 451 1236 542 durante,
1260 456 1302 528 la·

150 539 159 564 ''
265 552 467 638 borabant,
493 565 530 622 ut
554 551 591 620 vi
615 552 768 623 omnino
796 549 908 622 ellent
926 547 1133 624 cohibendi.

365 652 505 722 uaartn
521 645 675 745 (Bacchi
693 647 895 743 figniferum
912 647 1076 724 nonnulli
1097 639 1246 737 vocant)
1259 647 1305 719 ti·

265 746 304 820 ni
326 746 471 838 quidem
496 747 748 840 potatoribus,
775 745 894 820 nasum
924 757 1124 819 tomentum
1157 766 1196 816 ac
1224 746 1308 818 rubi·

267 843 447 934 cundum,
472 844 669 938 rubraeque
699 845 735 916 in
762 841 858 916 facie
884 865 1056 919 verrucas
1080 841 1203 916 adfert.
1250 841 1308 914 Sed

267 943 396 1015 abolus
432 963 577 1041 quoque
608 941 763 1038 Spiritus
797 942 990 1032 frumenti,
1034 939 1187 1034 speciem
1217 941 1309 1031 hujus

268 1041 428 1128 adducit,
451 1059 558 1132 atque
580 1042 665 1113 nal'o
687 1041 799 1112 rubro
827 1055 890 1114 aut
908 1040 1149 1129 sttbcaeruleo,
1175 1038 1310 1112 circum·

268 1137 371 1234 iestis
398 1139 610 1234 plerumque
632 1141 819 1229 verrucis,
841 1139 1125 1234 intemperantes
1141 1149 1254 1211 notat.

367 1427 536 1526 Superest
563 1433 657 1525 jam,
683 1339 728 1506 ait
747 1333 1062 1524 dgiridldpiritus
1092 1427 1261 1504 frumenti
1284 1429 1313 1502 iu

269 1543 403 1703 {gnere
429 1525 647 1606 differamus.
710 1532 799 1626 Agit
826 1529 887 1602 ille
914 1531 951 1603 in
977 1550 1113 1621 corpus
1139 1530 1315 1602 humanum

313 1629 439 1714 niter,
467 1627 589 1724 estque
607 1628 798 1704 inventurn
819 1625 1037 1720 prautcum‘,
1061 1627 1167 1700 cuius
1187 1627 1223 1698 in
1241 1623 1316 1698 Che·

269 1725 395 1816 micis,
418 1724 745 1817 Pharmaceuticis,
777 1727 985 1818 artibusque
1003 1725 1084 1797 aliis
1113 1723 1265 1800 eximius
1279 1719 1318 1794 eu

269 1823 373 1908 dsus3
395 1821 452 1896 sed
473 1840 513 1896 ut
527 1820 745 1897 diaeteticum
765 1822 944 1917 quoddam
964 1821 1214 1895 commendari
1232 1819 1317 1893 nullo

269 1913 383 1998 modo
404 1920 524 1994 debet.
577 1919 710 1994 Nautis
727 1921 846 1995 fateor
862 1921 896 1995 u
911 1919 1174 2008 Piscatoribus,
1197 1913 1319 1991 exhala-

271 2020 395 2095 tiones
423 2021 457 2092 dt
484 2017 718 2094 attradiiones
749 2019 912 2093 humidas
949 2016 1141 2109 tollendo,
1171 2011 1319 2112 prodestr

269 2108 495 2194 Monticolis
515 2139 661 2212 quoque
679 2117 712 2188 dt
733 2117 814 2190 aliis
831 2115 1010 2191 duriliimo
1028 2116 1161 2189 labore
1180 2111 1321 2210 fatigatis

271 2217 475 2304 convenit,
505 2213 562 2286 sed
598 2230 638 2287 ut
669 2217 984 2289 medicamentum.
1048 2214 1143 2311 Agit
1176 2209 1321 2286 enim&

271 2314 437 2390 stimulat·
452 2313 676 2404 violentius,
709 2335 814 2406 quam
835 2327 875 2384 ut
891 2333 959 2404 pro
981 2313 1162 2387 alimento
1180 2305 1322 2404 reputari

273 2421 394 2504 queat.
447 2409 496 2482 Et
519 2409 639 2480 dicere
664 2410 817 2484 omnino
836 2411 966 2500 anum,
992 2410 1140 2484 abusum
1171 2411 1273 2500 hujus
1292 2404 1322 2476 li·

275 2509 414 2600 quoris,
433 2505 493 2600 qui
511 2505 637 2580 nostro
658 2523 824 2602 tempore
846 2508 1002 2581 maxime
1020 2509 1058 2582 in
1079 2510 1240 2601 plebejis
1254 2523 1324 2600 pra·

272 2605 413 2692 valuit,
440 2605 561 2698 plures
578 2605 732 2694 omuino
750 2605 926 2678 abstulille
944 2606 1127 2694 homines,
1145 2627 1252 2700 quam
1266 2599 1323 2674 bel·

273 2701 310 2778 la
340 2703 492 2798 piurima
521 2703 644 2776 multis
671 2704 807 2777 civium
831 2704 990 2778 millibus
1015 2704 1223 2779 interfectis
1239 2695 1325 2775 nobi·

274 2801 391 2876 litata.
451 2802 560 2877 Vixit
585 2815 685 2874 certe
715 2816 799 2876 ante
826 2801 923 2875 hunc
947 2804 1142 2896 inventum
1181 2799 1326 2896 spiritua

276 2911 365 2994 gens
381 2899 612 2988 mortalium,
638 2901 773 2974 vivunt
796 2899 941 2976 familia
962 2900 1152 2973 nonnullae
1174 2913 1239 2972 aut
1262 2914 1326 3002 per3

277 2998 397 3089 sono,
433 2998 531 3070 usum
562 2999 639 3091 eius
664 2998 880 3092 aspernatae,
913 2995 1116 3090 &quidem
1149 2997 1248 3082 illis,
1279 3007 1328 3084 qut

276 3110 443 3182 utuntur,
455 3094 653 3172 feliciores.
703 3096 802 3200 Quid
819 3097 914 3170 enim
933 3093 1081 3168 homine
1098 3095 1242 3189 liquori
1261 3091 1329 3166 unic

279 3194 445 3284 quotidie
476 3191 685 3287 indulgente
716 3192 904 3266 miserius?
963 3191 1073 3264 Tales
1093 3195 1329 3266 omninoma·

137 3309 165 3342 -’
278 3293 402 3388 totino
425 3305 591 3382 tempore
618 3292 810 3383 languent,
843 3305 884 3361 nt
905 3289 968 3363 vix
986 3312 1051 3383 per
1069 3289 1223 3382 aliquot
1241 3290 1330 3362 horas

277 3391 409 3464 uivere
436 3388 535 3485 polle
563 3386 764 3462 videantur.
828 3385 1008 3461 Tremunt
1032 3409 1191 3479 manus,
1225 3389 1333 3478 torpet

278 3488 421 3582 lingua,
454 3485 633 3579 loquelam
664 3486 728 3556 vix
759 3484 976 3576 admittens,
1004 3485 1197 3578 adpetitus
1229 3477 1333 3562 deest,

278 3589 393 3679 pallet
412 3585 549 3671 facies,
576 3583 676 3678 angit
699 3584 793 3655 intra
820 3583 1020 3676 precordia
1047 3583 1185 3672 dolor,
1215 3575 1334 3678 vermi}

279 3682 390 3756 instar
415 3683 548 3756 rodens
574 3702 616 3752 ac
635 3680 831 3758 dilanians.
896 3681 955 3754 Ad
979 3679 1125 3754 cunctas
1159 3682 1248 3756 sane
1270 3677 1335 3752 lun·

279 3779 419 3854 diones
436 3780 514 3852 sunt
532 3777 729 3865 inhabilem
756 3794 844 3853 totae
868 3779 1075 3874 horologii,
1101 3794 1245 3854 catena
1261 3773 1336 3850 tela·

277 3894 385 3974 trata,
425 3878 569 3955 cellanti
593 3897 683 3984 (non
718 3877 916 3971 absimiles,
947 3878 1066 3958 donec
1095 3879 1233 3954 nectar
1252 3867 1337 4050 sillud

1267 3985 1337 4046 uum
