2786 4938
271 209 899 354 Mmtlem

50 453 1113 786 munuuffivtstuuu

270 967 275 988 .
373 965 387 981 .
531 923 644 998 ouum
839 951 860 984 .2

271 996 331 1046 ”
401 1003 805 1128 'cummun-

105 1279 110 1296 ·
177 1091 260 1326 D.
307 1191 389 1328 D.
438 1193 596 1326 Cnu.
647 1163 707 1326 v'.
751 1197 965 1378 huni:

481 1455 677 1552 Proposuit
736 1494 739 1504 ·
933 1539 936 1548 ,
976 1539 995 1550 ,,

141 1601 468 1704 JOHANNES
514 1605 793 1688 CAROLUS
843 1600 1023 1712 2008,
1090 1699 1099 1712 ,

479 1725 677 1796 Hulmieufis.
809 1751 821 1792 ‘r
869 1771 875 1796 .
918 1774 921 1784 .
1052 1764 1055 1782 ·
1093 1763 1100 1774 ·

331 1891 474 1990 Uesuliae
503 1897 607 1990 1767.
627 1847 774 1974 ..Mure
793 1901 835 2014 ρ.
863 1983 871 1996 ¹
893 1891 981 1998 st...

48 2473 244 2766 Homo
260 2535 327 2606 ideo
343 2545 469 2606 creatus
491 2529 557 2624 est,
581 2540 619 2604 ot
641 2521 747 2606 diuini
767 2533 869 2624 operis
887 2553 997 2612 terum
1018 2563 1105 2618 crta·

203 2646 310 2704 torum
331 2633 553 2722 contemplator
570 2629 716 2721 existeret
726 2676 737 2714 ,
757 2631 820 2716 ἐφ’,
838 2634 912 2704 dum
928 2639 1105 2716 admirare.

203 2746 259 2802 tur
280 2743 479 2814 creaturam,
508 2727 575 2818 ejus
597 2739 766 2798 creatorem
793 2732 887 2800 ellone
909 2735 1103 2830 ognttscoret.

50 2826 140 2904 Fuit
161 2823 233 2900 hoc
265 2824 354 2898 olim
384 2819 532 2896 effatum
560 2819 742 2894 doiiiffimi
772 2823 878 2916 Ruji,
908 2831 1004 2918 quod
1031 2856 1104 2909 me.

50 2947 111 3000 am
128 2921 343 3018 potiffimum
363 2920 462 2994 acuit
477 2919 739 3008 attentionem,
763 2935 804 2992 ut
826 2925 925 2996 omui
947 2927 1023 3002 niiu
1043 2951 1106 3005 na.

49 3039 169 3096 turum
185 3019 333 3094 scrutari
351 3017 505 3111 cupiam.
556 3011 620 3090 Est
638 3018 732 3089 enlm
754 3015 831 3090 hec
849 3017 1027 3117 obligatio
1042 3051 1104 3106 na-

48 3119 177 3194 turalis
197 3117 331 3210 ubique
353 3114 551 3207 utilissimu,
575 3114 611 3187 dt
630 3117 742 3187 multa
763 3116 1017 3196 miraculorum
1041 3145 1102 3200 va·

45 3220 181 3292 rietate
200 3214 367 3290 eximiam
388 3213 503 3288 adfert
523 3211 823 3301 demutationem,
849 3215 920 3288 stne
941 3237 1010 3310 qiua
1029 3241 1103 3296 me·
1149 3219 1156 3226 ’

45 3337 90 3390 ra
113 3313 247 3406 ubique
267 3311 436 3386 iblitudo.
491 3309 624 3385 insana
641 3310 764 3404 igitur
788 3311 919 3408 collegi
949 3337 1024 3392 non
1049 3319 1105 3394 in.

42 3411 172 3498 vitus,
199 3428 306 3502 atque
325 3409 362 3484 in
382 3407 437 3484 his
456 3407 679 3484 animalculis
695 3407 851 3482 minimis
871 3409 1102 3490 summaPtae·

42 3509 214 3604 potentis
239 3506 314 3580 vidi
338 3507 509 3580 miracula
532 3504 738 3595 Crantoris,
774 3505 836 3598 qui
859 3506 950 3581 nihil
974 3509 1104 3590 trustra

42 3607 161 3694 fecit,
208 3605 298 3682 nihil
329 3603 401 3679 sme
424 3599 498 3678 fine
530 3619 637 3696 atque
670 3600 735 3676 usu
767 3602 944 3682 condidit.
994 3608 1104 3688 Haud

43 3707 101 3778 ita
118 3703 257 3798 pridem
272 3697 373 3776 Nob.
390 3697 437 3774 D.
458 3697 586 3774 Praeles
604 3697 795 3774 seminibus
807 3695 1017 3798 Ustilaginie
1041 3730 1103 3784 ex·

42 3799 251 3877 amiuandis
280 3811 500 3892 occupatus,
525 3795 738 3872 ostendebat
764 3792 851 3872 mihi
873 3799 1103 3884 luculentilli.

41 3921 122 3989 me,
135 3895 280 3976 moveri
296 3893 373 3972 haec
392 3893 607 3972 &curuum
629 3893 668 3968 in
689 3895 790 3992 aquit
808 3891 918 3972 instar
936 3899 1101 3994 piscium,

102 3997 194 4076 Tum.
214 3995 298 4073 VII.
616 3990 677 4066 Bb
1012 4019 1102 4076 vere
