2724 4746
337 147 517 230 DIAETA
545 149 801 230 AETATUMz
1053 177 1100 252 ps

40 355 73 406 ac
85 332 260 406 bonores
273 327 368 406 haud
388 331 527 408 invitus
541 331 725 422 mutasl'eta
743 328 849 426 quidl
863 331 1102 428 quodputen·

37 429 185 504 tiffimus
198 427 431 519 Alexander,
455 452 590 506 cancro
609 431 708 506 fatali
731 429 960 524 implicatus,
989 431 1102 526 impe·

35 531 124 602 rium
142 547 220 620 pro
242 525 392 600 sanitate
410 529 483 604 fine
503 527 727 604 hesitatione
751 529 963 605 dimitteret.
1014 527 1102 602 Ete-

36 627 105 699 nim
135 625 218 699 fine
248 625 347 698 bona
371 625 583 700 valetudine
609 625 764 701 salicitar
789 627 910 716 nulla,
931 626 1103 722 gaudium

36 721 176 798 nullum
192 721 345 815 prostat.
395 721 433 796 si
449 723 635 820 spernatur
648 724 694 799 ab
712 723 881 798 omnibus
900 721 1102 820 Imperant,

37 821 219 914 populum
248 817 347 894 suum
380 822 581 918 gubernare
612 820 798 913 nesciens,
833 822 945 918 magis
973 821 1102 896 stultus

39 913 216 992 dicendus
242 917 377 1008 homo,
418 918 480 1013 qui
509 919 654 994 unicum
688 918 789 996 suum
813 939 947 1014 corpus
973 921 1101 1016 guber-

39 1039 118 1089 nare
134 1017 295 1108 nequit,
327 1037 395 1091 nec
417 1033 530 1091 artem
555 1017 649 1092 adeo
667 1015 898 1092 necessariam
920 1015 1102 1092 addiscere

39 1127 149 1187 emat.
226 1113 353 1188 Vitam
375 1135 452 1190 non
487 1115 693 1208 accepimus
720 1115 894 1206 brevem,
930 1113 987 1189 sed
1015 1115 1103 1188 faci·

40 1208 136 1302 mus,
177 1225 222 1282 ut
254 1209 350 1290 reite
385 1211 437 1284 ait
476 1209 626 1286 Seneca.
678 1213 797 1316 Quam
822 1211 965 1306 plurimi
991 1212 1030 1288 in
1049 1213 1104 1306 ju·

41 1322 197 1381 ventute
213 1321 370 1384 canunt:
394 1310 597 1384 Gaudamnus
612 1316 715 1402 mitur
724 1311 863 1404 juvenes
883 1311 1104 1423 drtmsurnur,

40 1409 98 1502 pri
121 1407 291 1500 molestam
297 1407 490 1500 seruitutem
508 1429 563 1482 nos
579 1409 703 1482 habehit
718 1409 857 1496 haimurr
882 1407 940 1482 sed
961 1407 1018 1482 rsti
1041 1407 1132 1504 ali-e-

46 1505 189 1596 quando
216 1501 316 1576 senes
344 1525 476 1578 canere
502 1517 702 1598 coguntur:
741 1507 795 1580 ot
823 1511 903 1580 milri
920 1509 1105 1604 premitur

44 1602 162 1694 reserat
172 1601 209 1696 fi
223 1597 367 1697 Jupiter
382 1625 490 1676 mnus.
551 1601 641 1678 Cum
665 1623 799 1698 corpur
825 1603 985 1680 nostrum
1013 1623 1104 1697 quo·

44 1702 126 1772 tidie
146 1713 256 1772 motu
271 1701 468 1786 deteratur,
491 1699 636 1796 ingestis
661 1700 770 1776 etiarn
789 1702 956 1794 quotidie
974 1701 1026 1778 est
1049 1722 1104 1776 re·

43 1798 266 1890 parandum,
301 1811 343 1868 ut
372 1797 420 1868 ita
445 1797 692 1872 conservetur.
749 1797 787 1870 Si
812 1801 996 1894 reparatio
1027 1799 1105 1874 hee

45 1913 180 1968 naturae
212 1893 463 1986 conveniens,
489 1894 630 1969 sanitas
660 1893 744 1968 inde
770 1895 909 1972 illibata
932 1895 1103 1992 persistit:

44 1993 256 2083 inminui,
282 1992 435 2064 laborat.
487 1993 725 2096 Quaeeunque
750 1991 788 2066 iu
812 1993 1006 2084 juventute
1032 1995 1105 2090 agi·

45 2114 140 2180 mus,
167 2089 204 2164 ἀ
223 2089 370 2182 quoties
384 2099 514 2162 contra
531 2088 670 2183 regulas
687 2087 1105 2260 dieteticaacpeccamue,

46 2191 80 2262 in
102 2186 289 2264 senetiute
321 2189 482 2276 luemus,
521 2185 578 2258 sed
605 2185 750 2280 plurimi
771 2199 854 2260 tum
913 2207 1029 2262 emum
1057 2185 1106 2264 sa·

47 2287 171 2380 pium,
225 2305 307 2358 cum
340 2286 439 2372 vita,
481 2283 610 2370 amici,
649 2283 813 2375 divitie,
848 2281 1032 2374 honores,
1071 2283 1106 2359 n

49 2385 166 2458 omnia
184 2381 269 2456 sunt
283 2381 529 2475 relinquenda.
582 2381 681 2456 Hine
697 2403 818 2478 operae
834 2383 989 2476 pretium
1003 2382 1106 2478 duxi,

48 2480 253 2556 brevillirno
279 2481 420 2552 calculo
447 2478 558 2553 stadia
578 2477 737 2554 hominis
757 2479 877 2555 metiri
901 2479 1105 2576 diaetetica‚

48 2601 109 2674 per
133 2593 256 2652 totum
287 2577 373 2650 vitae
403 2577 631 2652 curriculum.
683 2577 751 2650 Cui
773 2577 918 2670 quidem
943 2577 997 2652 rei
1023 2576 1105 2654 soli·

48 2677 89 2748 de
113 2673 331 2766 tratiandae,
357 2695 439 2748 cum
466 2673 563 2748 virer
586 2697 674 2749 meu
703 2690 897 2768 pertenues
918 2696 995 2751 non
1015 2674 1107 2752 suffi-

50 2775 166 2864 ciant,
205 2771 265 2844 Te
290 2771 333 2845 L.
366 2771 407 2846 B.
434 2785 475 2846 ut
505 2793 565 2846 me
593 2771 797 2846 excusatum
825 2771 982 2865 habeas,
1017 2774 1042 2848 s1
1067 2775 1107 2850 in

49 2873 217 2948 omnibus
236 2869 303 2944 tibi
323 2891 368 2944 ex
388 2884 482 2946 voto
499 2889 576 2946 non
593 2869 847 2962 satisfecerim,
873 2871 983 2948 etiam
998 2881 1108 2968 atque

51 2971 152 3046 etiam
169 2989 279 3066 rogo.

509 3099 545 3190 p.
595 3089 644 3168 11.

132 3211 508 3320 FOETIFICATIQ
535 3215 790 3298 aGeneratione
813 3211 851 3288 lu
869 3229 1016 3312 pentum.

138 3339 332 3434 Embryo,
373 3359 394 3413 a
422 3340 672 3435 conceptione
702 3337 746 3412 ad
768 3351 919 3432 partum
950 3335 1108 3414 inclusua

52 3449 151 3514 utero
171 3453 364 3528 materno,
391 3436 464 3514 hoc
485 3439 523 3512 in
540 3435 731 3512 domicilio
750 3433 847 3508 sedet
866 3435 910 3508 ad
932 3435 1109 3550 majurum

53 3535 225 3710 “llll
254 3531 1108 3712 linierunt”tillitus
1160 3627 1164 3638 ·

54 3655 123 3823 gun
149 3753 230 3808 nou
255 3745 396 3806 tautum
426 3732 577 3822 sutum,
615 3681 673 3806 seii
701 3729 889 3804 humorem
916 3682 1110 3806 nutritium

57 3831 264 3926 continent,
295 3826 394 3906 uude
415 3831 626 3908 alimentum
651 3827 716 3904 fibi
741 3825 834 3926 sugit
854 3827 974 3906 soetua.
1011 3823 1108 4016 bliryuo
