2770 4752
240 97 243 100 Ι
282 165 357 252 426
437 157 562 234 USUS
592 153 851 232 HISTORIAE
876 151 1182 276 NATunnttn.

283 331 359 412 ret'n
393 339 514 412 lavet:
549 339 714 435 quamvis
737 335 794 412 ars
828 337 901 432 ipso
924 335 1026 414 nullo
1051 339 1163 416 modo
1186 339 1346 418 dicenda

282 437 327 510 stt
351 437 515 530 operosa.
588 458 593 467 ’
922 471 927 478 ·

737 542 771 626 p.
823 533 884 606 IX.
1060 531 1068 541 '
1180 587 1189 614 .-

379 630 689 706 VENENATAE
705 639 824 729 plmrtae
847 634 970 709 multa
996 630 1145 720 dantur,
1175 630 1235 704 sed
1263 646 1346 708 tan·

284 739 359 803 tum
391 729 500 802 certis
530 731 767 818 animalibus;
797 729 850 802 nti
878 734 1013 816 Cicuta,
1047 730 1226 802 Acmiturrt
1247 732 1346 805 alie·

284 850 376 918 que,
405 828 594 918 exquibus
613 828 730 922 paslim
749 829 1001 922 periclitantur
1021 848 1174 919 pecora,
1201 827 1346 905 sroeco·

282 947 414 1000 nonnis
444 925 668 1018 ignoraverit
705 927 928 1014 Botanicen3
977 926 1109 1013 immo,
1148 923 1223 1016 ipsa
1251 929 1345 1004 Arre-

282 1047 368 1096 niun
387 1025 545 1118 rrenrornfo
566 1025 682 1097 boves
700 1045 863 1116 ovesque
885 1023 1043 1108 occidit,
1065 1025 1089 1096 fi
1111 1021 1217 1116 hujus
1238 1027 1346 1117 plan-

208 1191 212 1198 .
282 1134 328 1193 tae
354 1122 475 1214 ignara
500 1121 668 1196 animalia
690 1123 951 1199 transferantur
976 1124 1014 1194 in
1035 1121 1118 1195 loca
1142 1123 1347 1218 doemone

280 1218 512 1294 luxuriantia.
737 1283 741 1292 .
827 1315 860 1389 X

378 1412 436 1486 Ex
455 1411 557 1486 dinis
569 1414 642 1508 jam
655 1400 743 1488 'satis
758 1413 922 1489 constare
939 1425 1044 1506 puto,
1062 1424 1153 1504 quot
1174 1411 1212 1484 dc
1228 1435 1343 1506 quart·

280 1526 319 1584 ta
344 1511 396 1583 ex'
419 1511 634 1604 cognitione
664 1510 834 1586 Historiae
855 1510 1028 1585 naturalis
1063 1510 1242 1608 ingenus
1279 1513 1343 1588 hu·

281 1629 424 1681 manum
452 1608 655 1683 redundent
677 1608 880 1682 commoda.
932 1607 1000 1680 Sed
1026 1607 1047 1680 st
1072 1608 1113 1679 ad
1138 1609 1269 1683 omnia
1286 1631 1342 1683 me

280 1704 539 1793 diffunderem,
582 1727 660 1796 quae
694 1702 796 1778 utilia
832 1708 900 1780 [int
925 1705 1148 1798 oeconomis,
1182 1706 1217 1780 dc
1247 1729 1341 1800 quo·

279 1825 357 1876 rnm
391 1802 623 1876 fundamenta
656 1825 700 1876 ex
733 1804 872 1877 Divina
907 1803 966 1876 illa
1001 1803 1142 1876 haurire
1176 1803 1340 1880 debeant

271 1901 451 1990 scientia,
476 1899 683 1992 scriptionis
699 1901 764 1974 vix
781 1899 864 1974 finis
880 1901 990 1976 foret.
1040 1903 1169 1975 Verbo
1193 1915 1338 1979 tantum

280 1998 577 2072 commemorabo
600 2002 822 2073 calendarium
847 1997 938 2090 istud
954 1999 1079 2088 llorae,
1106 1999 1205 2094 quod
1237 2023 1259 2076 a
1285 2001 1335 2075 D.

280 2097 320 2175 P.
348 2097 501 2192 primum
532 2096 761 2192 propomam,
783 2097 855 2187 est,
897 2095 1065 2190 quodque
1094 2099 1185 2172 tanti
1215 2097 1270 2172 est
1299 2097 1336 2174 in

272 2218 320 2269 re
340 2193 565 2266 uecorromica
589 2193 786 2282 momenti,
812 2195 894 2268 utsr
922 2195 1139 2288 perducatur
1162 2193 1207 2269 ad
1234 2196 1336 2271 suum

274 2291 479 2386 ‚fastigium
506 2290 626 2384 quivis
648 2292 810 2366 intonsus
837 2291 988 2367 rusticus
1013 2293 1198 2368 cernat&
1220 2315 1337 2370 manu

280 2389 395 2460 veluti
416 2389 536 2480 palpet
556 2387 793 2464 necessitatem
814 2391 1082 2484 utilitatemque
1106 2391 1334 2488 cognitionis

278 2485 347 2559 Rei
371 2485 555 2558 herbaria.
603 2485 700 2560 Nam
728 2487 837 2577 sciet,
865 2487 951 2580 quid
981 2489 1192 2585 continget,
1229 2489 1334 2583 quid·

279 2606 350 2676 que
369 2604 473 2679 agere
490 2597 661 2676 oporteat
682 2585 951 2680 permaximam
970 2602 1107 2681 partem
1125 2587 1223 2660 anni.
1273 2585 1334 2662 In·

275 2685 324 2772 ‚de
355 2683 450 2756 enirn
485 2680 711 2774 praedicimns
741 2682 937 2758 adventum
969 2685 1097 2758 Auium
1124 2691 1334 2778 migrauit·

277 2806 370 2867 rum,
405 2785 599 2853 adventum
624 2781 769 2877 Piscium
794 2803 862 2873 pro
890 2781 1036 2862 diversis
1060 2782 1246 2876 speciebus
1271 2805 1330 2856 va·

278 2878 371 2950 rium
389 2877 432 2950 ad
449 2877 573 2952 littora
587 2897 606 2948 a
620 2877 857 2970 piscatoribus
873 2877 1116 2967 observanda;
1140 2877 1223 2953 inde
1240 2891 1330 2956 tem-

273 2996 345 3067 pus
371 2978 512 3047 Sationis
534 2974 569 3046 dt
588 2973 698 3070 Meffis
720 2974 883 3066 constat,
915 2977 1026 3049 imino
1042 2979 1243 3072 plantarum
1262 2977 1330 3052 flo-

276 3093 335 3142 res
364 3072 522 3144 futurum
558 3071 651 3144 diem
680 3071 866 3164 serenum
904 3075 964 3145 vel
998 3074 1202 3166 pluviosum
1237 3075 1331 3150 indi·

276 3165 381 3256 cant,
407 3167 505 3260 qrrod
524 3169 693 3258 maximi,
717 3169 862 3244 colonis
883 3170 1057 3248 demeffos
1073 3187 1176 3248 terre
1192 3172 1330 3250 frutus

276 3266 503 3358 collebluris,
526 3266 702 3341 momenti
720 3291 777 3342 res
796 3267 858 3343 est.

271 3585 277 3594 ·
364 3555 564 3631 ‘PASCUA
582 3567 660 3633 non
676 3461 991 3656 rosdorzliponu
1008 3561 1177 3636 omnibus
1193 3559 1329 3636 anima

273 3653 389 3743 libus,
419 3655 533 3730 dicam
561 3669 721 3745 tantum,
751 3659 827 3732 haec
845 3681 919 3734 non
942 3661 1083 3754 singulis
1106 3681 1209 3755 aque
1228 3675 1330 3756 grata

273 3750 473 3824 &salubria
504 3751 583 3826 else.
643 3754 737 3830 Aliis
761 3757 858 3830 enim
883 3756 986 3830 Oves
1010 3757 1151 3832 felicius
1163 3757 1331 3851 pseno-

272 3861 353 4002 tur,
380 3851 460 3926 aliis
478 3850 595 3947 Equi,
619 3853 765 3948 Boves,
793 3853 882 3930 Sues
901 3853 991 3931 aliis.
1019 3856 1190 4002 -Proiode
1210 3855 1331 4026 ἰῃνςῑὲι
