2688 4752
256 171 274 223 t
282 171 329 222 oa
697 148 871 228 LEPRA.

257 325 545 417 lumboc,s1ne
575 327 690 403 caussa
725 327 824 401 omni
857 332 1013 422 previa,
1047 330 1160 402 saltim
1186 347 1336 417 nequa·

259 447 364 515 quam
403 427 595 518 perspesla.
663 426 808 500 Notum
842 426 893 501 est
928 429 1133 518 exemplum
1168 424 1337 500 manica

258 523 396 595 villosae
426 546 471 598 ex
495 526 590 615 pelle
616 525 813 615 consede,
848 547 975 618 quam,
1010 526 1055 596 ab
1075 545 1154 598 anu
1182 520 1337 596 hettica

257 620 440 704 relictam,
479 620 611 713 septem
642 620 1074 714 deinceps'possederunt
1103 620 1204 708 aliae,
1246 640 1338 710 qua

260 737 388 790 omnes
418 717 567 793 Hestica
593 719 786 793 occubere.
836 719 1023 792 studiosus
1051 719 1338 810 gothoburgen·

258 814 609 908 monstruosam,
635 830 719 908 ante
737 817 877 908 aliquot
893 818 1025 892 abhinc
1043 838 1181 896 annos,
1207 815 1338 907 Upsa·

260 912 318 984 liae
345 913 486 986 neutco
512 915 651 988 cuidam
679 916 715 987 in
743 915 1023 988 contubernium
1052 911 1232 1002 successrt,
1263 909 1339 1007 qui

261 1009 296 1082 tr
316 1009 390 1105 ipsc
408 1012 503 1086 iutra
521 1015 606 1087 anni
624 1011 808 1086 decursum
827 1011 967 1086 heilica
987 1011 1196 1105 exspiravit.

695 1199 729 1287 q,
782 1189 887 1267 vm.

357 1302 426 1377 Sed
461 1303 505 1376 ad
537 1305 687 1377 morbos
728 1297 961 1398 cont'agiosos
992 1314 1034 1372 ut
1071 1314 1340 1390 revertamur,

260 1415 366 1495 urget
397 1403 541 1493 quidem
567 1405 698 1494 vulgus
722 1401 933 1488 bominum,
959 1395 1112 1471 stricari
1143 1399 1340 1489 ejusmodi

261 1497 301 1570 in
322 1501 457 1571 morbis
480 1498 697 1593 contagiose
725 1519 767 1570 ac
793 1496 1094 1570 exanthematicis
1117 1497 1341 1588 adfuerint,

226 1595 402 1667 ·necesse
427 1595 516 1680 esse,
548 1609 589 1666 ut
610 1597 670 1668 vel
697 1619 717 1668 a
742 1595 950 1668 mortalium
984 1594 1109 1685 aliquo
1136 1593 1341 1684 conspice-

260 1706 399 1765 rentur.
450 1693 503 1765 At
525 1715 659 1765 numne
682 1691 955 1787 Micrographi‚
987 1692 1024 1765 iu
1043 1708 1131 1765 aceto
1150 1692 1341 1783 &glutine

261 1789 446 1881 ingentem
476 1790 551 1863 vim
580 1791 757 1864 vermium
786 1791 981 1884 detegunt,
1018 1791 1145 1883 anguis
1179 1789 1219 1862 in
1250 1790 1342 1866 for·

261 1907 356 1959 mam
381 1885 539 1978 effislos,
566 1888 627 1981 qui
647 1889 809 1961 omniurn
831 1886 1004 1960 consensu
1033 1889 1123 1958 viva
1148 1885 1229 1959 sunt
1249 1889 1342 1962 ani-

262 1986 438 2074 malcula,
465 1987 552 2058 licet
581 1987 631 2058 ob
664 1985 862 2059 exilitatem
888 1983 1054 2057 summam
1084 1984 1184 2056 nudo
1210 1987 1342 2058 oculo

262 2083 381 2158 videri
412 2083 622 2177 nequeant?
674 2084 772 2160 cons.
806 2083 851 2155 de
875 2081 931 2154 bis
959 2085 1078 2154 Baleri
1100 2090 1252 2175 microgr.
1281 2085 1343 2156 II.

263 2201 334 2275 cop.
353 2183 422 2254 III.
451 2188 483 2273 §.
504 2183 534 2254 s.
570 2184 745 2256 Neerlbom.
772 2190 924 2273 microgr.
945 2200 1050 2271 1747.
1076 2196 1113 2274 ρ.
1133 2202 1192 2274 99.
1243 2179 1343 2254 Hos

260 2280 443 2370 eiusmodi
478 2280 515 2350 iu
551 2293 658 2350 aceto
688 2277 722 2348 dr
752 2277 892 2372 glutine
930 2275 1141 2370 conspicere
1181 2277 1343 2353 nonnisi

264 2376 390 2448 armati
412 2375 510 2446 oculi
533 2373 606 2460 est,
639 2373 697 2446 sed
724 2389 919 2466 utcumque
944 2387 1099 2446 armatus
1122 2373 1254 2446 frustra
1280 2389 1327 2449 ta

263 2493 347 2545 men
371 2493 435 2544 eos
468 2469 659 2564 sanguinea
688 2473 724 2545 in
757 2469 863 2543 massa
887 2469 1055 2566 deteget,
1089 2485 1223 2564 utpote
1248 2469 1344 2544 no'¹

264 2568 467 2662 pellucida,
495 2566 549 2640 sed
573 2589 697 2661 opaca.
749 2569 874 2660 Atque
898 2589 964 2641 eos
984 2569 1022 2641 in
1042 2569 1183 2663 glutine
1209 2569 1327 2644 obve

265 2668 431 2754 nientes,
457 2667 554 2758 quod
573 2667 724 2753 attinet,
755 2681 958 2740 memoratu
980 2665 1127 2762 dignum
1149 2664 1225 2758 est,
1252 2670 1328 2762 glu

266 2782 330 2839 ten
356 2766 556 2856 ejusmodi,
581 2766 640 2836 vel
671 2787 735 2856 per
763 2763 950 2856 dimidium
977 2764 1063 2836 anni
1085 2763 1319 2840 exsiccatum

268 2884 360 2957 aqua
387 2862 504 2935 rursus
536 2862 619 2934 dum
644 2863 823 2953 diluatur,
848 2858 1067 2934 reviviscere
1097 2861 1318 2936 animalcul

267 2960 420 3052 perinde
446 2984 487 3032 ac
510 2962 637 3052 Hydra
655 2962 775 3054 Polypi
791 2960 902 3051 vulgo
919 2962 1027 3043 diste,
1046 2978 1147 3049 quae,
1173 2959 1329 3038 exsrcca

269 3058 317 3128 tis
349 3054 442 3129 soslis
469 3058 697 3130 emoriuntur
727 3059 827 3129 velut
853 3056 1054 3140 Lichenes,
1081 3056 1293 3130 adfluentib
1334 3094 1344 3109 κ

269 3177 362 3230 veto
389 3154 490 3244 aquis
519 3155 785 3226 autumnalibus
813 3154 955 3245 spiritus
983 3151 1178 3226 resumunt.
1233 3156 1329 3231 Ver

269 3275 346 3327 mes
373 3276 463 3323 vero
491 3250 577 3322 istos
603 3251 886 3343 anguillisormes
915 3251 998 3322 dum
1024 3251 1218 3337 miramur,
1250 3256 1344 3346 eju

271 3351 414 3443 quidem
440 3350 668 3435 subtilitatis,
699 3363 739 3420 ut
757 3349 928 3420 inermem
947 3348 1114 3438 quamvis
1132 3350 1271 3422 oculor
1315 3386 1323 3417 ι

269 3452 384 3523 aciem
412 3448 573 3543 fugiant,
601 3446 886 3537 quotusquisque
908 3445 1115 3517 mortalium
1142 3459 1256 3518 tante
1285 3472 1311 3522 e
1340 3488 1344 3509 .

210 3634 216 3643 Ι
269 3547 442 3626 vesaniae,
474 3560 512 3617 ut
533 3545 571 3616 in
596 3544 640 3614 iis
657 3557 777 3618 tamen
802 3543 955 3622 omnino
976 3538 1231 3616 subsistendum
1252 3567 1331 3620 cer

270 3660 329 3718 tus
354 3645 477 3717 credat
500 3656 636 3715 naturae
665 3641 707 3713 ad
728 3661 837 3731 parva
864 3638 1011 3712 declivi.
1063 3639 1215 3712 Numne
1242 3642 1330 3719 den

269 3761 328 3816 tur
353 3739 564 3815 animalcula
597 3737 653 3811 his
685 3737 854 3810 minora?
892 3738 971 3830 quis
1005 3736 1224 3832 negaverit?
1270 3763 1344 3816 au

270 3842 350 3940 quis
373 3835 543 3930 definiet,
571 3835 632 3911 ubi
653 3836 825 3933 gradatim
848 3834 1052 3934 procedens
1071 3835 1164 3910 mira
1185 3835 1248 3910 illa
1268 3859 1330 3914 na

1236 3948 1338 4012 tul'·⁸
