2724 4746
472 195 647 328 tumn:
1040 225 1087 304 95

29 373 230 476 quidquam
244 385 307 452 aut
321 371 405 452 satie
420 375 564 454 masculi
582 379 750 476 prodere,
765 379 941 474 juvenilia
957 399 1091 478 nequae

27 501 135 574 quam
165 491 324 552 conatus
345 473 418 566 est,
455 497 499 552 ac
525 478 591 554 vix
615 480 854 572 uidentem,
888 481 950 578 qui
977 481 1090 582 longo

25 575 201 652 medendi
233 573 296 648 usu
324 571 604 656 consenuerunt.
668 575 813 652 Interea
837 593 959 655 tamen
992 582 1097 672 quid,
1217 656 1225 671 ,

29 695 136 768 quam
159 694 246 747 curn
268 671 491 746 scribendum
511 671 643 762 inerit,
671 675 828 759 animum
848 677 1013 774 inprimis
1034 679 1094 754 ad·

27 773 167 846 rertiin
187 770 356 844 morbum
372 769 563 862 quendam,
583 773 819 868 popularibus
829 777 918 850 meis
932 777 1092 854 inBoth·

29 872 86 946 nia
102 867 296 942 Orientali
316 865 397 942 sotir
410 867 645 961 familiarem,
669 869 727 946 sed
745 871 805 966 qui
826 873 974 968 reliquie
988 877 1091 972 regni

30 967 240 1064 provinciis
255 984 332 1040 non
357 965 508 1058 perinde
524 967 709 1058 innotuit,
735 969 870 1064 quique
891 975 1091 1049 communi·

30 1084 87 1140 ter
100 1059 268 1138 LEPRA
284 1063 345 1136 vel
365 1059 763 1140 ELEPHANTIASIS
787 1069 982 1144 vocitetur.
1029 1071 1092 1148 ist

33 1187 71 1240 ee
92 1163 220 1238 morbi
242 1161 349 1256 hujus
372 1159 505 1236 ibidem
531 1163 588 1236 vir
616 1185 659 1236 uc
685 1165 912 1256 frequentia,
937 1169 1092 1244 maxime

36 1265 70 1338 in
92 1257 241 1335 boreali
263 1257 467 1354 provincie
493 1275 614 1354 parte,
646 1275 690 1334 ut
706 1261 746 1336 in
768 1265 924 1356 poroecia
949 1263 1093 1342 Crono·

35 1360 178 1454 byenfi,
220 1357 294 1430 hoc
320 1355 417 1430 malo
445 1357 716 1449 laborantibus,
752 1363 940 1458 proprium
969 1359 1093 1439 Noio-

37 1457 209 1532 dochium
236 1451 420 1528 exstruere
436 1453 575 1529 neceiie
597 1455 727 1548 fuerit,
752 1481 851 1534 anno
869 1463 984 1553 1631,
1017 1483 1091 1554 quo

39 1557 113 1631 ira
132 1550 327 1628 communi
345 1551 531 1628 hominum
550 1555 772 1630 commercio
787 1575 1016 1642 arcerentur,
1042 1577 1090 1636 ne

35 1656 122 1728 alios
146 1641 463 1728 contaminarent:
487 1655 600 1749 vulgo
621 1653 716 1726 enim
739 1653 900 1730 creditur
923 1659 1091 1734 morbum

38 1753 151 1842 hunc,
192 1747 346 1844 perinde
378 1769 420 1822 ac
450 1747 613 1827 scabiem
651 1751 815 1844 quumvis
845 1755 975 1846 alium,
1015 1777 1091 1834 noo

38 1849 132 1946 poiie
149 1869 233 1923 non
258 1843 327 1920 eise
344 1845 606 1944 contagiosum.
655 1849 779 1942 Atque
802 1871 847 1924 eo
869 1853 979 1947 magis
997 1875 1092 1930 mor·

38 1952 100 2023 bur
127 1947 238 2021 hicce
260 1943 416 2018 animum
441 1944 478 2018 in
500 1943 534 2018 se
559 1967 678 2022 meum
703 1949 914 2038 convertit,
943 1971 1018 2044 quo
1040 1951 1093 2030 est

39 2047 178 2220 iiii?
187 2039 1094 2237 ididiniii'nidigdi’iiiiii

319 2193 329 2214 .
792 2195 804 2230 ,
860 2196 869 2216 .
915 2196 924 2214 .

39 2263 114 2318 non
127 2239 200 2316 eise
210 2239 343 2314 virium
358 2257 476 2332 neque
492 2237 742 2332 experientior,
765 2255 1012 2337 argumentum
1023 2243 1096 2318 boe

39 2342 169 2416 summe
192 2335 343 2411 arduum
361 2347 469 2430 etque
491 2335 563 2410 hue
586 2336 669 2412 dum
689 2335 756 2412 vix
777 2335 860 2414 setis
884 2339 1097 2418 extrimbiie

41 2439 81 2513 ad
100 2435 281 2532 liquidum
307 2433 523 2530 perducere:
550 2433 655 2532 selegi
679 2449 800 2512 tamen
826 2437 937 2528 illud,
963 2460 1009 2512 eo
1031 2463 1097 2534 po-

40 2536 205 2612 tiffimum
224 2533 371 2624 animo,
399 2543 439 2606 ut
463 2553 538 2612 non
561 2545 721 2628 tentum,
744 2553 813 2609 ceu
836 2533 1095 2634 digniiiimum‚

41 2633 98 2710 sub
124 2630 369 2721 instituenda,
403 2630 428 2704 ii
454 2628 528 2704 sore
552 2629 696 2722 tulerit,
730 2631 855 2726 praxi,
890 2635 940 2706 ob
965 2637 1096 2710 ocuios

40 2733 123 2808 mihi
145 2749 418 2826 proponerem,
444 2726 551 2802 sed&
575 2741 617 2800 ut
632 2731 784 2804 aliorum
807 2729 921 2804 sutrim
938 2747 1098 2810 mentem

41 2853 80 2906 ae
95 2849 220 2904 curam
241 2827 489 2914 intenderem,
515 2845 588 2920 quo
605 2827 671 2915 suc,
698 2829 758 2900 vei
776 2827 864 2902 olim
883 2827 965 2904 satie
978 2829 1097 2906 obser-

41 2945 144 3002 vatus
163 2926 407 3020 cognitusque
422 2923 574 2998 morbus
594 2923 721 3018 hicce,
746 2941 846 3002 certa
867 2926 1011 3006 tandem
1030 2951 1098 3026 po·

43 3029 127 3102 terit
145 3023 295 3101 ratione
311 3021 494 3097 debellari.

509 3167 544 3258 ς.
594 3159 643 3236 11.

133 3280 315 3360 LEPRA.
353 3280 505 3360 Postulo
521 3281 746 3382 escharaficca
761 3285 919 3371 colorato,
944 3309 1015 3360 curn
1031 3311 1098 3366 no·

42 3383 93 3458 dia
108 3381 266 3476 inmmfis
280 3383 448 3456 mobilibus
466 3385 677 3458 indoirntibau
687 3381 792 3480 fuscis
808 3387 1072 3481 maeoniusque.

136 3501 233 3602 Quae
252 3494 289 3570 iu
311 3493 383 3572 hoc
409 3495 527 3572 iiatim
548 3513 761 3594 argumento
779 3518 1000 3594 occurrunt,
1023 3505 1099 3584 An.

45 3599 182 3676 tiorum
201 3593 247 3668 de
257 3593 370 3690 Lepre
384 3594 442 3668 seu
461 3595 683 3692 Etepoourass
697 3597 802 3686 lites,
826 3613 944 3672 utrum
964 3601 1101 3682 scilicet

45 3697 205 3792 ejusdem
231 3687 374 3787 generis
401 3693 469 3768 ssot
499 3695 559 3766 vul
586 3692 737 3782 diverfi,
767 3695 909 3770 nostrus
944 3721 1021 3776 non
1050 3706 1100 3778 fe·

46 3797 179 3872 cimus:
213 3789 286 3862 hoc
312 3787 436 3866 saitem
460 3789 637 3868 monuiffe
659 3795 847 3886 contenti,
881 3794 1101 3878 Morborum

44 3893 195 3991 parcius·
214 3885 385 3986 fingenda
410 3887 487 3984 effe,
505 3887 675 3983 Genera,
706 3911 748 3968 ac
768 3911 954 3990 nonquam
970 3911 1101 4072 prutesr

978 4013 1101 4068 noce·
