2770 4752
64 203 789 290 utcammasnrsaoumamm.
802 207 1090 312 notarem
1113 319 1118 332 .

42 389 178 480 dicum,
215 386 427 466 &summus
456 388 565 464 uelle
589 389 626 466 ln
653 403 737 464 toto
772 389 863 464 orbe
890 387 962 476 estc
992 387 1092 484 quod

42 487 225 562 discrimen
247 483 498 580 tempestatum
516 505 592 562 non
615 485 735 582 potest
751 506 827 562 non
851 487 1014 582 prolerre
1037 485 1091 562 di·

41 585 137 660 versa
160 583 363 672 Animalia,
397 583 554 660 diverses
577 585 741 676 Plantae,
767 583 907 660 diversa
930 583 1092 660 Mineru-

41 683 108 774 lia,
131 704 210 777 que
226 697 346 758 tamen
369 679 491 758 omnia
508 682 731 758 eruditorum
749 681 917 758 notitiam
933 681 1091 776 fugiunt.

42 779 137 885 Quid
161 781 251 856 novi
278 799 355 854 non
380 779 590 874 detegerent
614 779 814 870 nostrates,
846 777 1006 854 instrudi
1039 778 1093 854 lai·

40 879 144 954 storia
160 875 322 952 nature?
358 877 458 978 Quid
472 897 549 952 non
565 877 832 954 conterrerem
852 877 950 954 usum
964 875 1091 973 patrie

39 975 228 1074 suumque,
265 986 375 1068 atquo
403 975 669 1054 incrementum
688 971 804 1052 artiei

132 1213 292 1294 Felicem
318 1215 415 1294 illam
445 1127 633 1316 rigionem
651 1217 802 1312 quiaque
824 1217 996 1310 vocabit,
1028 1213 1093 1294 ubl

39 1311 270 1406 ¹Oeconomia
299 1329 406 1410 atque
435 1313 599 1392 Studium
624 1314 811 1392 Medicum
837 1315 990 1404 florent3
1034 1313 1093 1390 sed

41 1411 147 1504 quid,
179 1412 319 1506 queso,
345 1411 578 1492 Oeconomia
594 1415 653 1488 vel
674 1411 831 1488 Materia
854 1411 995 1488 medica
1020 1411 1093 1488 fine

37 1507 226 1584 'sufficienti
244 1509 402 1588 historie
417 1512 589 1588 naturalis
605 1509 847 1608 cognitiones
886 1509 992 1586 Nihil
1008 1529 1093 1606 pro·

42 1605 158 1696 stilo,
190 1607 253 1682 nifi
286 1607 452 1686 machina
483 1609 637 1686 humana
658 1610 732 1686 stne
759 1607 877 1683 anima
899 1607 1091 1684 rationali:

43 1721 168 1778 movet
189 1704 225 1781 se
253 1705 351 1796 hec,
376 1727 501 1783 verum
527 1707 623 1782 enim
648 1727 741 1780 vero
768 1703 902 1797 nescit,
934 1725 1008 1800 quo
1031 1707 1093 1778 uel

43 1805 247 1894 quomod03
272 1803 372 1876 &ica
396 1805 549 1880 omniuo
571 1805 622 1878 est
645 1818 891 1897 comparatum
917 1824 998 1878 eunt
1020 1802 1093 1878 stu·

41 1901 106 1974 dlis
129 1901 339 1982 nominatis.
403 1901 519 1976 Videt
541 1901 699 1998 agricole
727 1903 867 1992 plantas
892 1913 976 1974 ante
1004 1919 1093 1974 ocu·

41 1997 95 2072 los
111 1996 215 2086 suoe,
241 1997 291 2073 ast
310 1999 423 2074 nescit
441 1999 562 2088 usum;
582 1997 779 2094 prescribit
802 1999 997 2090 empirieua
1020 2017 1093 2072 me·

43 2093 263 2185 dicamenta;
292 2095 343 2172 ast
360 2119 435 2171 non
455 2097 564 2171 novit
579 2097 640 2172 illa
656 2096 738 2170 rite.
789 2093 898 2170 Unde
917 2115 1009 2168 vero
1027 2093 1093 2168 ho·

41 2195 297 2288 cumomnlum
319 2193 453 2270 notitia
474 2193 764 2294 comparabitur,
789 2191 854 2268 nifi
877 2213 922 2266 ex
943 2189 1094 2268 historia

41 2289 223 2366 naturalis
257 2289 353 2368 Ceti
384 2289 551 2386 prosedlo
586 2293 691 2366 ambo
715 2289 949 2380 nominandi,
982 2285 1095 2365 lisua

43 2407 114 2468 non
130 2387 300 2464 noscant!
335 2391 445 2464 Ratio
462 2387 572 2484 igitur
591 2389 701 2465 officii
717 2390 788 2464 mei
807 2387 1027 2483 requireret,
1054 2391 1095 2460 ut

43 2483 132 2562 dicta
150 2485 452 2578 demonstrarem,
479 2487 537 2561 sed
560 2509 668 2582 qurum
686 2487 819 2562 liniter
843 2483 949 2562 unius
977 2483 1093 2580 dispu-

41 2583 196 2658 tationis·
221 2585 446 2659 Academica
475 2585 511 2658 id
537 2607 614 2662 non
641 2585 777 2674 sinaut,
808 2583 907 2678 huuc
930 2583 1094 2662 laborem

42 2681 144 2758 alteri
167 2681 351 2760 occasioni
380 2681 538 2762 reservo.
691 2747 697 2754 .

138 2909 237 2986 Dum
271 2909 348 2986 haec
379 2913 501 2988 omnia
529 2905 904 3002 mecumconsrdero,
934 2905 1095 3005 ampliiss-

40 3031 124 3086 mus.
137 3011 258 3084 oculis
273 3009 362 3084 mela
383 3009 543 3104 aperitur
561 3029 709 3104 campus
733 3007 1007 3086 commodorum
1025 3009 1094 3084 uti·

37 3109 278 3201 litatumque,
309 3129 388 3201 quae
420 3107 637 3184 nostratibus
659 3108 873 3196 evenirent,
903 3107 928 3180 fi
959 3121 1095 3184 natura

39 3205 200 3282 scientie
221 3207 366 3298 plenum
393 3208 449 3300 ius
478 3205 638 3279 civitatis
664 3204 758 3300 apud
773 3225 850 3278 -nos
876 3204 1096 3280 concedere·

38 3315 119 3393 tur;
149 3299 333 3396 fiplurec,
361 3303 399 3378 in
421 3303 486 3378 hac
505 3301 651 3376 scientia
666 3300 839 3394 enutriti,
861 3301 1093 3398 indagarent,

37 3399 286 3476 describerent
308 3399 574 3498 &detegerent
597 3399 695 3474 bona
711 3397 807 3474 illius
832 3397 1030 3488 naturalia,
1044 3411 1098 3473 ut
1156 3411 1168 3438 ·

36 3499 246 3587 constaret,
277 3517 436 3590 quaenam
462 3495 592 3572 nostre
613 3497 682 3573 lint
705 3494 921 3572 absconditur
943 3493 1094 3570 divitie.

36 3595 75 3668 Si
96 3595 232 3670 deinde
258 3593 353 3668 suam
377 3595 560 3670 scientiam
584 3595 676 3668 alios
701 3595 899 3683 docerent,
928 3613 1005 3687 que
1028 3593 1097 3670 hac

34 3695 189 3768 ratione
218 3713 321 3786 quam
354 3691 514 3770 citiffime
540 3688 861 3788 multiplicaretur,
901 3689 977 3765 visu
999 3689 1097 3766 illiue

34 3789 225 3880 utilitate,
253 3791 458 3866 amoenitate
478 3805 586 3883 atque
610 3787 825 3882 necessitate.
883 3784 1099 3867 Invenirent

33 3889 224 3966 nostrates
235 3885 288 3964 ibi
307 3889 479 3984 pleraque
499 3885 622 3982 domi,
650 3907 728 3992 que
750 3909 795 3966 ex
815 3885 896 3962 aliia
916 3885 1098 4080 teni-⁸93⁸
