2688 4752
229 185 300 264 ro
331 163 710 257 rumunnense
740 139 1245 250 tonosroomsmm.

192 427 193 436 .
227 356 303 443 dis,
329 366 371 428 ut
389 353 443 428 nil
463 351 680 449 perfeciius,
704 348 786 428 sunt
804 351 997 444 explicata.
1047 350 1314 456 Quemadmo-

230 452 314 527 dum
332 467 452 526 autem
473 452 513 526 in
533 450 735 545 proverbio
757 449 809 524 est
828 449 921 524 istud
941 451 1086 524 tritum:
1123 449 1211 523 Mus
1234 456 1315 523 mi-

221 551 282 652 ser
303 557 339 625 in
363 567 478 639 antro,
504 555 561 648 qui
581 575 643 624 non
662 552 779 644 gaudet
793 553 947 646 pluribus
964 574 1046 634 uno,
1070 547 1213 624 &ficut
1234 547 1318 620 ubi

230 648 343 725 unica
361 664 502 722 tantum
520 649 630 721 nobis
647 645 770 720 relide
788 647 900 721 luerit
917 648 1000 737 via,
1030 650 1066 721 in
1085 647 1145 719 illa
1165 667 1320 741 magna

231 745 390 842 persaepe
425 747 538 850 obvia
563 744 633 821 sese
666 745 791 819 sistunt
814 745 1092 840 impedimenta,
1125 767 1205 836 quae
1228 746 1320 818 alia

232 842 342 920 facile
364 845 571 935 evitantur,
599 845 834 938 quamobrem
863 845 972 918 etiam
997 867 1090 918 unus
1119 843 1185 915 hac
1212 865 1320 936 pro·

232 939 406 1018 ficiscitur
435 944 518 1033 via,
549 945 640 1017 alter
668 943 742 1016 alio
767 943 891 1034 potius
918 942 1101 1038 egreditur
1129 941 1319 1030 'tramite3

231 1039 283 1116 iic
304 1061 456 1134 quoque,
475 1062 558 1116 cum
581 1041 837 1131 Graminibus,
866 1063 942 1115 uno
969 1057 1109 1114 tantum
1132 1037 1320 1132 systema·

233 1153 272 1210 te
298 1139 512 1233 explicatis,
545 1155 794 1232 comparatum
830 1137 899 1213 elle
929 1139 1157 1213 crediderim.
1218 1137 1320 1212 Mc·

233 1233 389 1311 thodum
409 1237 520 1330 igitur
539 1245 698 1326 novam,
722 1259 743 1309 e
764 1236 970 1310 Generibus
991 1237 1197 1310 Plautarum
1224 1237 1321 1309 for-

232 1349 389 1423 matam,
416 1335 450 1409 δι
472 1359 493 1409 a
514 1334 629 1430 figura
654 1357 882 1428 numeroque
910 1333 1056 1429 Calycis
1084 1333 1322 1408 &Corollae

233 1431 455 1519 desumtam,
489 1433 673 1506 exstruere
700 1433 933 1508 conabimur:
980 1433 1126 1508 Florem
1151 1454 1321 1524 quoque

233 1551 348 1604 unum
375 1553 396 1602 e
416 1531 550 1623 quovis
576 1531 724 1605 Genere
748 1530 968 1604 delineatum
990 1529 1125 1617 sistam,
1152 1548 1196 1602 ut
1217 1531 1321 1606 huic

215 1609 371 1702 *Ordini
394 1629 457 1700 lux
483 1627 690 1702 effundatur
710 1629 872 1703 uberior.
925 1631 1046 1704 Antea
1072 1644 1193 1704 tamen
1222 1649 1322 1702 ver·

234 1723 287 1798 bo
312 1727 565 1800 tantummodo
582 1726 805 1801 monendum
825 1725 944 1817 duco,
970 1749 1013 1798 ea
1030 1726 1206 1799 Gramina
1228 1743 1322 1822 pro·

229 1829 307 1922 pris
323 1825 452 1896 vocari
472 1825 671 1916 sircam,
692 1844 847 1919 quorum
866 1823 977 1898 flores
994 1823 1119 1898 sellrles
1136 1825 1324 1900 denticu.

235 1919 283 1994 lis
307 1921 462 1996 infident
488 1924 698 2015 excavatis,
730 1923 790 1995 seu
816 1928 929 1996 rachio
955 1923 1093 1996 habent
1120 1925 1324 2010 dentatum

234 2026 411 2115 improprie
436 2043 528 2094 vero
562 2023 692 2113 quibus
716 2020 827 2096 flores
853 2019 934 2093 sunt
959 2018 1107 2109 stilles,
1139 2021 1172 2090 dr
1203 2028 1322 2116 uagi,

236 2115 299 2193 seu
331 2119 468 2209 absque
504 2117 699 2192 denticulis
733 2116 900 2210 subjectis
932 2109 1000 2208 o);
1039 2117 1323 2196 Pmrcomn

237 2231 370 2289 contra
405 2216 558 2288 floribus
589 2215 726 2308 semper
759 2216 985 2308 pedicellatis
1010 2214 1091 2289 sunt
1123 2215 1321 2291 instructa.

238 2309 489 2388 einamma
521 2327 642 2386 autem
682 2315 808 2405 calyce
849 2314 1010 2387 uni-vel
1040 2314 1323 2407 quinquevalvi

238 2407 281 2482 in
299 2423 447 2482 amento
465 2408 609 2502 posito,
632 2411 846 2504 corollaque
874 2411 995 2504 nulla,
1022 2413 1068 2487 ab
1083 2413 1153 2522 ¹his
1175 2411 1324 2489 facilli·

238 2525 300 2580 me
316 2504 594 2602 distinguuntur.

676 2613 711 2699 §.
762 2607 866 2684 XVI.

292 2720 378 2799 ME
387 2723 605 2802 THODUS
637 2722 953 2800 GRAMINUM
980 2711 1268 2806 cALYciNA.

639 2837 914 2921 SPICATA.

344 2931 366 2971 ⁴¹
388 2939 487 3036 Spica
500 2939 655 3032 disticha,
679 2944 876 3034 receptaculo
892 2941 1030 3015 dentato.

245 3023 450 3130 Saeuum
495 3039 600 3130 Calyx
616 3033 800 3127 bivalvis,
818 3036 855 3110 bi
875 3049 938 3111 aut
957 3037 1140 3124 triflorusr
1158 3044 1324 3118 omuulir

495 3134 647 3208 corollae
674 3131 907 3227 minoribus,
938 3135 1166 3211 lanceolatis.
1227 3139 1324 3220 Ταῦ.

494 3230 527 3307 Ι.
559 3253 593 3309 1.
624 3223 681 3320 b).

1196 3331 1327 3411 AEcr·

287 3484 327 3566 a)
348 3480 486 3568 Persaepe
506 3483 587 3564 opud
603 3481 759 3549 Austores
780 3483 964 3548 recentioris
984 3486 1077 3548 etiem
1099 3486 1161 3548 aevi
1177 3483 1330 3566 plurima

219 3581 224 3590 ’
328 3560 477 3626 Gramine
504 3573 656 3628 vocantur
667 3561 807 3647 spicata,
829 3566 971 3646 quamvis
992 3585 1066 3630 vere
1088 3587 1153 3632 non
1182 3563 1249 3628 lint
1278 3580 1329 3635 tn.

327 3643 386 3719 lia,
423 3664 450 3706 e.
462 3663 512 3726 gr.
539 3645 614 3708 dum
634 3646 743 3710 Pauci
762 3665 864 3728 genus
885 3646 917 3707 in
929 3642 958 3729 s
975 3647 981 3660 '
997 3655 1051 3709 uta
1073 3644 1107 3712 δι
1127 3648 1329 3716 Passienum

327 3723 523 3806 dispescitun
546 3744 654 3790 verum
677 3727 711 3790 in
731 3726 884 3808 ejusmodi
905 3665 1023 3790 cumis
1038 3739 1159 3794 tantum
1167 3731 1328 3810 panium

319 3801 455 3888 spicula,
476 3811 566 3868 antea
584 3804 729 3882 definita,
753 3807 947 3889 intelligitur.

286 3882 325 3969 i)
343 3886 432 3954 Prior
452 3903 602 3952 numeros
625 3887 793 3964 Tabulam,
818 3885 853 3951 dr
873 3886 1023 3970 posterior
1041 3887 1189 3972 Figuram
1211 3888 1327 3956 flores
