2640 4744
268 193 340 270 232
372 169 726 248 FERVIDORUM
750 169 784 246 u
807 87 1117 246 neuportum
1135 165 1253 262 USUS.

263 347 422 425 invento
453 353 677 446 gratulentur
704 372 750 424 ne
788 349 872 437 srbi,
898 372 943 424 an
968 348 1114 422 doleant
1135 347 1298 440 homines,

263 447 399 520 dubius
420 450 553 526 haereo.
606 447 687 520 Tot
704 451 800 523 eninr
820 445 935 522 tristia
954 448 1077 540 sepius
1098 447 1183 520 intra
1209 448 1299 539 putri·

263 563 324 622 ern
347 544 564 620 exstiterunt
587 545 808 620 documenta
834 544 1045 620 summarum
1063 567 1108 618 ex
1132 543 1301 616 iniecere

266 642 366 716 vinis
388 665 588 734 noxarum,
613 659 655 717 ut
680 646 766 717 velo
783 644 908 717 eadem
929 645 1101 739 obtegere
1125 642 1242 715 dolens
1259 643 1301 733 ju·

264 740 354 813 beat
377 742 530 815 animus.
582 745 720 816 Verum
741 743 884 835 quidem
904 740 980 832 est,
999 737 1132 830 muita,
1151 740 1302 812 aliasnor

167 905 172 918 ,
268 838 441 928 vitanda,
475 839 606 914 damna
632 840 749 914 averti
780 839 900 932 posse,
929 838 977 928 sr,
1006 853 1047 912 ut
1077 837 1302 930 prudentiores

264 935 408 1024 solent,
436 951 608 1029 quantum
637 938 820 1014 cereuisrae
854 935 1119 1032 prosequente
1147 935 1202 1007 die
1228 955 1305 1024 opus

267 1033 333 1118 fit,
359 1049 498 1108 tantum
525 1057 545 1107 e
566 1037 656 1108 cella
674 1034 792 1128 pridie
811 1047 1023 1130 promatur,
1056 1054 1130 1124 quo
1150 1029 1302 1106 intensrffi·

268 1153 365 1204 mum
394 1133 600 1221 minuatur,
628 1132 725 1224 quod
749 1134 955 1220 contraxit,
983 1131 1096 1227 frigus
1114 1127 1166 1222 d).
1223 1132 1303 1234 Quo·

263 1227 340 1301 ties
362 1251 452 1302 vero
469 1231 642 1305 acciderit
659 1269 708 1284 -
729 1232 859 1304 &seme
874 1253 951 1304 non
967 1251 1053 1302 raro
1068 1229 1199 1302 accidit
1216 1266 1256 1282 -
1273 1239 1304 1298 ut

268 1327 330 1397 vei
352 1328 495 1420 prorsus
517 1330 551 1402 id
573 1328 770 1425 neglesium
791 1331 923 1418 suerit,
945 1329 1003 1400 vel
1018 1329 1203 1420 depromta
1217 1347 1303 1419 quan

269 1424 356 1497 titas
385 1425 457 1497 usui
484 1427 627 1526 intento
646 1450 721 1500 non
742 1426 946 1513 suffecerit,
973 1447 1144 1517 nouaque
1165 1425 1303 1512 ideo,re·

270 1521 466 1595 tentissime
494 1549 539 1598 ex
568 1525 695 1620 frigida
721 1528 811 1599 cella
831 1523 974 1610 hausta,
1002 1523 1223 1616 propinanda
1247 1522 1304 1592 sue·

268 1617 340 1706 rit,
366 1623 466 1694 varia
490 1623 574 1695 inde
591 1625 705 1710 male,
736 1624 876 1696 colicos
893 1638 981 1716 puta
995 1621 1145 1694 dolores
1163 1615 1304 1693 atrociffi·

268 1737 373 1803 mos,
390 1719 587 1816 pectoris,
624 1722 786 1812 hepatis,
815 1743 964 1807 renum,
1006 1720 1155 1793 aliarum
1176 1718 1305 1806 denique

269 1815 451 1908 partium,
477 1818 803 1904 inflammationem
837 1820 924 1912 quin
952 1818 1065 1890 immo
1099 1817 1305 1890 articulorum

270 1911 444 2002 dolores,
467 1917 671 2010 hydropes,
694 1916 728 1991 dt
746 1917 942 1993 chronicus
960 1915 1054 1989 alios
1072 1918 1232 2004 morbos,
1250 1910 1305 1986 uri·

270 2009 329 2100 ri,
359 2011 588 2089 observatum
607 2015 670 2089 est.
834 2017 838 2026 '

369 2125 459 2198 Haec
487 2125 657 2200 scribenti
683 2124 772 2200 mihi
810 2124 847 2197 in
882 2125 1042 2197 animum
1069 2121 1239 2210 incurrit,
1261 2117 1306 2212 qui

269 2217 443 2296 Fahlunae
469 2225 567 2296 urbis
590 2225 790 2297 incolarum
809 2223 898 2296 olim
919 2221 1009 2308 suit,
1033 2244 1140 2309 mos,
1165 2220 1242 2294 dun
1258 2219 1306 2292 ho

270 2317 380 2412 spites
404 2321 559 2396 comitor
573 2322 808 2415 exciperent,
835 2320 1065 2408 cerevisram,
1090 2342 1168 2412 quae
1187 2335 1306 2392 omnen

271 2417 402 2506 aliam,
431 2419 468 2491 in
501 2420 617 2513 patria
642 2419 825 2507 usitatam,
857 2415 993 2510 semper
1021 2418 1227 2508 antecellit,
1254 2414 1307 2486 iilis

271 2511 431 2599 offerre3
459 2529 607 2610 tumque
634 2517 768 2608 pocula
786 2517 847 2590 vel
864 2515 1027 2610 integra,
1052 2518 1115 2589 vel
1139 2537 1208 2609 qua
1227 2510 1306 2586 dini·

271 2609 367 2684 diam
398 2612 518 2689 saltem
542 2631 701 2707 partem,
731 2635 809 2688 non
830 2607 1010 2687 alternato
1032 2613 1181 2706 spiritu,
1203 2605 1308 2707 frigide

270 2706 338 2782 ista
355 2712 578 2802 hauriendo,
603 2713 640 2786 in
666 2713 828 2786 bibendo
854 2712 952 2784 vires
987 2710 1150 2789 invicem
1179 2724 1307 2784 tentare.

273 2807 365 2978 (guo
395 2811 622 2884 consuetudo
648 2813 742 2884 male
773 2810 844 2882 illis
868 2807 976 2883 ceffit.
1033 2808 1186 2883 Accidit
1212 2805 1308 2888 enim,

272 2904 284 2974 i
313 2929 382 2998 que
411 2907 602 3000 presertim
627 2931 727 2983 anno
755 2908 861 3001 hujus
887 2905 994 2980 seculi
1025 2906 1208 3000 trigefimo
1227 2921 1308 2997 quar·

272 3018 337 3090 to,
369 3020 409 3076 ut
427 3004 591 3099 hydrope
608 3008 832 3100 optimorum
848 3004 986 3078 civium
1006 3004 1153 3099 plurimi
1179 3015 1308 3095 quotrn·

272 3100 331 3175 nis
352 3123 374 3173 e
394 3104 517 3176 medio
544 3105 769 3179 tollerentur.
833 3101 947 3207 Quod
975 3122 1058 3176 curn
1083 3101 1222 3198 frigidis
1250 3111 1310 3170 tun·

1236 3210 1309 3272 tun·

273 3333 494 3354 m

312 3391 542 3478 &Meminisse
568 3401 712 3475 oportet,
744 3408 853 3474 equum
880 3383 1000 3454 conam
1029 3385 1162 3462 fortius,
1196 3401 1254 3446 non
1272 3399 1311 3472 cu

353 3476 418 3550 ctu,
439 3477 542 3557 frigus
563 3475 755 3537 contrahere.
796 3471 933 3550 Ideoque
948 3466 1095 3530 Romanis
1117 3467 1149 3529 in
1172 3465 1252 3556 usum
1265 3460 1312 3522 suit

352 3577 465 3642 aquam
487 3555 664 3639 decoquere,
694 3555 830 3634 vitroque
851 3545 1009 3633 immiffam
1028 3549 1059 3608 in
1077 3542 1218 3627 uiueres
1259 3557 1312 3638 rru-

351 3659 403 3713 re,
435 3638 510 3701 teste
539 3639 671 3702 Pnrrrro
701 3637 733 3696 in
762 3634 838 3698 Nat.
868 3633 946 3715 Hist.
978 3629 1132 3694 sirmJH.
1154 3627 1236 3692 L.X
1264 3621 1311 3686 M.

352 3719 458 3793 GIII.
498 3717 540 3781 Et
559 3717 698 3781 Iudianis
719 3709 994 3795 frequentissimum
1015 3707 1076 3783 est,
1097 3707 1234 3780 calidum,
1253 3720 1310 3794 que

247 3807 267 3846 ’
346 3787 1311 3954 diriditisiin⁶⁰331t⁰¹2¹di2223t9⁰²5,idid?

541 3922 550 3953 2
1072 3915 1081 3944 9

399 3973 489 4030 uetus
509 3977 577 4024 earn
598 3957 735 4044 perferre
759 3954 857 4042 poffit.
904 3953 996 4021 Teste
1015 3949 1200 4036 Kamps'ero.
