2740 4740
266 192 313 275 gb
525 175 730 257 uentus
765 179 1049 259 cutrunrus

264 352 373 548 anngp
395 355 568 434 acerbior
598 358 670 452 est,
700 356 865 454 'ideoque
897 360 1197 440 aNobilioribus
1220 383 1307 461 pre·

345 478 354 525 l
375 477 427 533 ur.

339 581 375 712 ’3.
400 605 613 694 atrurn
639 617 955 702 sustulimus
974 619 1239 698 adscribuntur:

359 745 613 824 SOLANUM
632 753 807 845 triberostlm
836 750 1008 844 (Polrtro'e‘s
1033 759 1110 825 eller
1129 750 1306 851 Jnrrl-Pii·

264 839 359 934 ron),
386 849 516 921 nostris
543 847 765 941 temporibus
794 848 1056 938 introductum,
1088 850 1185 942 quod
1206 851 1306 926 brevi

264 941 393 1017 ae'statis
411 945 547 1040 spatie,
571 949 697 1018 baccas
715 945 780 1018 lric'
795 947 837 1017 ad
856 948 1093 1020 maturitatem
1113 951 1306 1040 perducere

263 1043 401 1134 nequit.
449 1038 563 1138 Igitur
583 1057 801 1138 propagatur
822 1044 1028 1136 fragmentis
1054 1046 1228 1118 tuberosae
1254 1069 1305 1122 ra·

262 1139 389 1231 dicis,
407 1151 570 1234 tempore
595 1141 730 1212 vernali
758 1155 859 1213 terrae
886 1141 1167 1214 committendis.
1219 1143 1304 1217 Pre-

262 1237 351 1322 lidio
369 1255 497 1312 contra
515 1239 730 1331 procellam,
747 1239 780 1310 u
796 1237 931 1310 urbaur
951 1237 1081 1327 humo,
1100 1237 1303 1331 delebatur.

260 1329 422 1408 Minimo
459 1351 631 1428 praterea
669 1335 860 1407 destruitur
896 1333 1050 1430 frigore,
1087 1353 1305 1434 qttapropter

261 1451 327 1524 per
345 1433 506 1524 hyemem
523 1427 566 1505 ln
589 1433 687 1504 cellae
709 1433 795 1505 sicea
809 1445 906 1505 terra
927 1433 1057 1505 servari
1079 1436 1195 1507 debet.

357 1527 688 1608 HELIA'NTHUS
738 1532 898 1625 tuberosus
935 1521 1301 1628 (Jor·d·ilrtsl‘=irlmr).

262 1624 335 1700 Hic
356 1628 463 1722 genio
483 1623 594 1701 nostri
612 1627 691 1700 coeli
714 1627 765 1700 est
785 1627 994 1720 aptillrmm,
1017 1629 1141 1702 florem
1164 1634 1304 1705 vcro&

261 1717 393 1798 semina
406 1747 481 1800 non
499 1727 646 1820 prebet.
697 1725 751 1800 Ut
768 1740 895 1799 terram
918 1727 1046 1798 lrabeat
1060 1723 1301 1820 sufficientem,

261 1823 373 1894 tertio
409 1823 540 1917 quovis
562 1844 661 1897 anno
691 1823 877 1897 tuberibus
904 1825 947 1894 de
979 1842 1081 1896 notro
1113 1824 1302 1917 plantatur.

260 1917 377 1992 Priori
410 1921 719 2015 lepidium-cultu
746 1921 911 2009 facilior,
942 1921 974 1993 dr
1013 1921 1160 1994 saturare
1194 1927 1301 2020 magis

260 2016 387 2090 tribuit
412 2021 640 2110 alimentum}
668 2020 789 2110 ltaque
806 2019 938 2092 mirum
955 2019 1120 2111 videtur,
1148 2024 1246 2116 quod
1268 2026 1302 2098 in

258 2115 375 2191 hortis
397 2117 509 2210 magis
530 2131 605 2190 nott
628 2117 849 2190 increbuerit
869 2118 945 2208 ejus
970 2115 1061 2190 usus.

355 2213 627 2310 LATHYRUS
648 2213 810 2308 luberofut
824 2208 1053 2313 (Jordruisss),
1076 2215 1134 2306 qui
1160 2212 1195 2286 in
1214 2213 1299 2288 Hol-

257 2309 376 2384 landia
396 2311 728 2406 Peregrinatoribus
744 2307 874 2383 nostris
899 2325 998 2405 grate
1020 2313 1129 2406 l'apit,
1154 2313 1235 2386 lrcic
1255 2313 1301 2387 ita

257 2410 382 2504 vigere
405 2407 544 2503 potest,
572 2423 612 2481 ut
633 2407 737 2481 semel
758 2408 980 2498 introduilus
1007 2411 1069 2481 uix
1094 2411 1299 2504 exstirpare·

256 2517 325 2580 tur.
376 2505 574 2603 Legumiua
593 2521 711 2578 tamen
733 2507 809 2598 ejus
827 2527 902 2580 non
922 2505 1182 2597 maturescunt3
1202 2511 1299 2582 tube·

255 2604 354 2678 ribus
382 2606 490 2699 igitur
512 2604 796 2678 dilieminandus.
1045 2645 1070 2654 ..

350 2702 475 2776 SlUM
496 2705 641 2798 Sisarruu
657 2693 880 2798 (Sielerrot).
918 2700 1044 2775 Planta
1070 2699 1145 2775 haec
1171 2699 1299 2776 semina

254 2795 407 2873 secunda
429 2823 510 2874 raro
537 2801 597 2873 bic'
621 2799 710 2888 fert,
738 2800 894 2871 minimis
921 2821 1012 2872 vero
1034 2799 1163 2872 radicis
1193 2799 1297 2894 parti-

253 2897 320 2969 bus
338 2900 481 2973 divulsis
502 2898 691 2970 commode
718 2899 985 2991 multiplicatur.
1036 2899 1149 2970 Anno
1167 2897 1297 2988 quovis

254 2995 410 3086 secundo
443 3011 504 3068 aut
522 2997 633 3068 tertio
661 2996 704 3068 de
726 3016 829 3069 novo
854 2996 1005 3086 plm'rtsri
1028 2997 1154 3083 debet,
1182 3012 1222 3068 ut
1247 3017 1295 3068 ra·

254 3092 316 3165 dix
339 3092 556 3188 grandescat.
614 3091 786 3166 Omnium
813 3093 1010 3164 nostrarum
1038 3093 1197 3169 radicum
1223 3095 1295 3166 bec

255 3192 392 3284 optima
421 3191 452 3262 tr
478 3189 668 3266 dulcissima
691 3186 764 3278 est,
789 3204 829 3262 ut
857 3189 986 3262 merito
1009 3190 1089 3265 sane
1114 3195 1293 3282 miremur,

254 3289 377 3380 quidni
406 3291 441 3360 in
466 3289 580 3360 bortis
606 3288 753 3362 uberior
776 3285 954 3382 adparent.
1231 3373 1237 3384 Ι

281 3418 284 3424 “
349 3385 641 3458 ASPARAGUS
663 3384 824 3477 officinalis
849 3377 1028 3483 (spuis),
1061 3383 1121 3476 qui
1145 3379 1178 3458 dt
1199 3383 1294 3460 feltri-

253 3481 359 3556 nibus
378 3485 411 3556 d
428 3485 546 3558 radice
562 3485 840 3576 multiplicatum
871 3496 963 3555 terra
983 3482 1128 3555 arenosa
1147 3484 1293 3558 deleue-

254 3594 324 3656 tur.
376 3581 533 3653 Multum
562 3579 635 3654 limi
666 3580 710 3652 ad
738 3581 842 3672 hujus
870 3581 1043 3652 culturam
1066 3582 1294 3671 impenditur,

252 3695 294 3751 ut
318 3679 432 3777 altiles
449 3677 630 3751 Tur-iones
658 3677 857 3751 nascantur.
909 3677 1035 3750 Primis
1057 3681 1170 3750 tribus
1195 3681 1294 3751 annis

252 3795 329 3850 non
360 3773 611 3849 abscinduntur
637 3777 822 3866 turinnes,
860 3775 1063 3851 &demum
1097 3773 1180 3871 post
1211 3777 1293 3849 dtis

253 3893 369 3950 annos
388 3873 433 3946 de
454 3891 558 3949 novo
578 3887 819 3968 propagantur
830 3872 983 3946 radices.
1153 3904 1282 4046 ΜΝ
