2640 4744
61 169 394 252 FERVIDORUM
415 171 450 248 it
474 163 791 248 GELIDORUM
812 164 951 248 USUS.
981 189 1052 267 erp

26 375 83 426 rrm
105 345 364 428 elementorum
384 349 679 430 interdiiiionenr
702 349 862 426 feliciter
881 348 1052 425 ceffuram

26 454 107 542 irre,
130 451 275 545 persuaii
293 452 423 526 sumus.
475 449 702 544 eonJetturae
731 448 875 524 interim
898 449 922 522 ir
949 451 1053 524 locor

25 551 166 637 tarent,
196 563 333 624 naturae
354 549 451 624 forte
468 547 644 638 adscribi,
671 547 768 642 quod
786 567 862 620 non
880 547 944 620 nifi
965 567 1054 622 con·

25 646 193 720 suetudinis
224 650 283 720 vei
311 661 478 722 connato
508 647 603 740 queo
627 645 817 743 opinionis
844 643 917 734 est,
946 643 1054 718 facile

25 745 143 834 guidem
169 743 268 818 foret
299 743 452 819 creditu.
510 743 560 818 Et
589 743 672 818 stne
703 742 811 818 fidem
836 742 1054 835 conjecturor

25 842 120 916 iacere
138 840 301 929 videtur,
328 860 406 936 quo
426 842 621 918 interiores
635 839 813 916 Americae
831 842 966 934 amplas
980 841 1054 934 pia·

24 960 67 1034 gar
89 940 235 1014 barbara
261 939 372 1016 hodie
403 952 563 1034 occupat
589 959 701 1034 gens,
732 959 857 1012 eorum
890 938 1055 1014 omnium

25 1057 82 1126 que
101 1037 143 1110 ad
165 1035 323 1114 culinam
355 1039 542 1131 pertinent
568 1039 675 1132 plane
706 1035 846 1123 nescia,
870 1034 954 1110 solis
981 1033 1054 1110 fru-

24 1135 134 1224 nitus,
155 1153 249 1230 quoe
273 1133 403 1230 sponte
427 1147 555 1212 natura
581 1133 757 1231 porrigit‘,
782 1133 886 1206 nullo
911 1133 1056 1226 quidem

24 1245 153 1328 cogente
170 1234 303 1306 creatis
321 1245 450 1326 utens,
480 1231 514 1306 δι
533 1233 646 1306 vitam
670 1249 789 1306 tamen
812 1249 941 1325 gerens
959 1229 1055 1322 opti·

24 1353 104 1404 nam.
152 1329 255 1432 Quin
286 1331 420 1420 immo,
444 1349 539 1422 quor
560 1345 705 1406 veteres
725 1329 878 1404 multum
897 1327 1056 1402 celebra·

23 1441 104 1518 runt,
144 1427 532 1524 Gymnosophistarum
569 1425 704 1516 indiae,
738 1447 958 1520 eorumque,
993 1425 1055 1516 qui

24 1525 191 1600 etiamnmn
219 1525 332 1601 hodie
360 1525 463 1621 supra
489 1527 620 1620 vulgus
645 1523 817 1626 indorum
852 1525 973 1619 sapere
1003 1523 1057 1597 di·

25 1639 150 1714 rentur,
185 1623 486 1698 Brachmanorum
521 1643 677 1720 nempe,
703 1623 878 1718 exemplis
907 1615 1056 1716 probari

24 1718 164 1812 videtur,
201 1719 302 1816 porte
334 1720 500 1798 hominen
524 1719 637 1796 vitam
662 1723 856 1798 commode
886 1720 1058 1796 sustinere

24 1817 75 1890 ine
96 1819 185 1892 cibit
212 1819 296 1916 igne
322 1819 556 1914 preparatis,
600 1833 708 1912 atque
738 1820 928 1913 iongaevoe
954 1817 1057 1902 fierig

25 1915 133 1990 scilicet
154 1917 228 1991 illis
256 1917 426 2007 fuerunt,
450 1929 492 1990 ut
520 1917 554 1990 δι
585 1915 641 1990 his
671 1917 752 1990 sunt
771 1917 868 1990 nulia
895 1916 963 1988 riia
987 1913 1059 1988 ier·

26 2013 101 2100 eutr,
123 2013 237 2109 dapes
260 2016 388 2106 nulle,
414 2013 479 2088 nisr
497 2035 584 2110 quar
611 2027 674 2087 aut
697 2011 826 2086 humue
849 2011 973 2102 offert,
996 2023 1060 2086 aut

26 2109 144 2186 arbores
171 2111 274 2208 porri
351 2126 388 2200 ις
419 2107 557 2184 fruitus
573 2125 663 2203 puta
687 2111 833 2199 varior,
862 2109 985 2182 calore
1005 2107 1058 2182 so·

26 2203 75 2278 iun
94 2207 248 2285 benefici
271 2133 368 2284 &a
387 2222 624 2304 preparetur.
674 2201 756 2282 Hor
780 2218 924 2298 autern,
952 2219 1059 2298 quot-

26 2321 92 2392 quot
119 2307 200 2384 sont
239 2327 304 2402 per
330 2309 461 2382 horum
486 2305 637 2402 patriam
667 2304 911 2402 peregrinati,
944 2304 1060 2378 vitem

27 2399 151 2480 aierunt
181 2407 294 2500 longe
334 2405 437 2500 sopra
476 2403 707 2480 centesimum
741 2422 875 2478 annum
905 2404 1059 2498 plerum·

26 2517 75 2588 qne
95 2525 221 2600 agere,
243 2503 466 2596 sanitateque
492 2499 636 2576 interim
655 2499 811 2598 gaudere
827 2497 1060 2594 tneor-ruptii-

26 2595 102 2688 sma3
118 2603 181 2678 nifi
199 2603 299 2694 qood
312 2600 480 2675 coecitate
495 2599 623 2694 sepius
641 2600 747 2674 senee-
758 2599 939 2690 laborent,
953 2615 1060 2692 qoam

26 2705 80 2768 tun
100 2697 295 2788 serenari,
327 2695 487 2774 sensium
519 2695 598 2770 iere
627 2695 790 2772 omnium
823 2693 1059 2782 destruetori,

27 2803 80 2866 tun
95 2795 190 2870 forte
240 2792 577 2892 inguiomoefeiioi
594 2793 630 2866 ἁ
651 2793 790 2867 ardenti
808 2791 918 2866 etiam
938 2789 1060 2886 patrio

27 2889 133 2964 cinari
162 2819 430 2968 adssribendarn
462 2889 532 2966 effe
559 2890 756 2966 censemus.
813 2887 948 2984 Neque
971 2909 1061 2984 pre·

26 2991 294 3082 remittendum,
322 2991 446 3085 quanti
464 3001 637 3084 reputent
663 2988 772 3061 etiam
790 2985 970 3062 nostrates
987 2987 1061 3061 iro·

26 3082 117 3162 iiunm
134 3091 346 3182 oleromqoe
363 3087 457 3162 varii
476 3087 623 3182 generis
633 3085 794 3160 estivont
813 3083 928 3174 usum,
939 3099 1061 3178 quama

27 3199 74 3270 que
99 3183 309 3262 detestanti·
339 3185 629 3280 refrigerationis
665 3203 748 3258 cum
777 3181 877 3258 ieniu
905 3181 1062 3256 acetaria

25 3281 108 3356 nuda
129 3283 346 3372 adhibeant,
373 3295 417 3356 ot
435 3295 575 3358 nutura
588 3281 685 3374 quat
699 3279 899 3378 corporive
922 3281 1063 3378 gratior

26 3374 71 3452 ιιί
89 3379 213 3456 offerri
238 3379 338 3476 poiie
361 3381 467 3455 tibur
491 3377 672 3456 videatur.

94 3613 253 3746 nevero
271 3579 515 3768 nostratibuss,
539 3571 608 3766 11³2
628 3671 809 3748 densiore
830 3672 959 3749 teron
975 3675 1063 3751 anni

22 3778 141 3858 parter,
170 3767 396 3940 nigidiorern
426 3769 644 3902 spirantibus
674 3788 819 3896 antem,
846 3775 1061 3866 mequomo«

22 3855 118 3942 &oum
139 3883 210 3964 cop
225 3886 247 3943 a
265 3867 559 3964 abondantibus,
586 3868 1060 4052 r.eceiie1tititoaatitrbrg;
